2842 5070
675 337 738 401 122

133 512 173 576 Et
197 534 288 577 mane
312 513 343 575 in
367 511 524 575 dominica
547 512 597 576 die
623 512 660 594 [4
688 510 785 594 Aug]
808 516 939 594 peracto
963 511 1071 577 officio
1095 515 1128 576 et
1153 512 1285 594 prandio

132 622 270 700 sumpto,
293 617 497 701 congregatis
520 617 616 681 asinis
640 622 672 681 et
694 618 873 701 peregrinis
896 617 930 680 in
955 623 1064 683 monte
1079 617 1177 702 Syon,
1202 618 1283 682 vale·

134 723 229 786 dictis
252 723 399 786 omnibus
422 745 491 786 curn
514 744 592 806 pace
615 727 811 787 recesserunt
834 723 965 806 dempto
986 745 1051 788 uno
1066 723 1209 802 infirme,
1234 723 1284 808 qni

132 828 239 891 statim
266 833 338 910 post
361 831 506 892 mortuus
529 831 577 891 est
589 827 610 893 ¹.

218 932 368 997 Visitatis
384 932 503 996 sanctis
521 931 597 996 loeis
614 953 683 995 curn
701 931 815 995 ceteris
832 931 1010 1015 peregrinis
1026 932 1102 996 steti
1127 932 1160 996 in
1180 937 1284 996 monte

132 1038 227 1122 Syon,
251 1043 284 1101 et
306 1043 377 1102 orto
394 1042 498 1113 vento,
522 1035 647 1102 flauto²
671 1037 710 1101 ab
733 1042 842 1102 austro
863 1037 969 1101 divine
985 1037 1174 1118 maiestatis
1199 1039 1283 1102 exul-

133 1144 215 1207 tavit
238 1143 270 1206 in
297 1166 345 1206 me
369 1143 502 1226 spiritus
525 1163 623 1222 meus,
648 1146 680 1206 et
702 1142 844 1225 cogitavi
867 1143 950 1225 apud
974 1142 1141 1224 meipsum,
1166 1142 1215 1225 [p.
1232 1144 1284 1226 60]

134 1250 208 1333 quid
234 1248 322 1312 ultra
354 1269 453 1312 essem
475 1252 619 1327 acturus,
652 1248 820 1312 obsecrans
844 1247 1004 1311 dominum
1028 1268 1133 1310 meum
1158 1246 1283 1311 Ihesurn

133 1355 297 1420 Christum
313 1355 434 1432 devote,
452 1356 488 1417 ut
504 1353 605 1436 potui,
627 1356 663 1416 ut
678 1353 859 1418 ostenderet
875 1352 954 1415 mihi
971 1352 1173 1415 voluntatem
1190 1373 1284 1430 suam,

132 1463 166 1524 et
190 1459 244 1523 ubi
268 1459 365 1523 vellet
388 1480 437 1523 me
461 1458 592 1534 habere;
621 1479 661 1520 an
686 1458 831 1521 deberem
855 1479 982 1521 manere
1005 1457 1151 1521 interra
1180 1463 1284 1522 sancta

133 1566 172 1629 ad
195 1564 323 1647 aliquod
347 1569 482 1646 tempus,
506 1585 546 1627 an
563 1584 702 1627 remeare
725 1563 764 1626 ad
779 1562 909 1626 Italiam
933 1584 973 1625 an
997 1566 1117 1627 terram
1134 1563 1282 1628 nativam.

133 1671 175 1734 Et
198 1670 244 1733 sic
267 1669 454 1752 perplexus,
486 1690 550 1733 non
581 1668 700 1733 habens
723 1667 823 1732 alium
846 1668 1063 1732 consulentem
1097 1667 1161 1732 nisi
1187 1670 1282 1746 deum,

133 1773 252 1839 revolvi
277 1778 309 1837 et
332 1772 416 1837 volvi
439 1773 473 1837 in
496 1778 604 1837 mente
626 1795 696 1837 mea
720 1757 782 1838 non
807 1773 965 1838 modicum
980 1771 1103 1852 unxina,
1129 1774 1207 1856 quid
1230 1773 1280 1837 eli·

133 1901 208 1963 gere
229 1877 355 1958 vellem,
380 1879 495 1942 iterum
519 1878 677 1941 instanter
700 1877 883 1960 supplicans
914 1877 1017 1960 ipsum
1041 1876 1132 1959 pium
1148 1875 1279 1956 Ihesum,

134 1989 170 2047 ut
193 1983 262 2067 ipse
285 2004 342 2047 sua
362 1983 520 2066 sapientia
544 1982 651 2047 divina
666 1983 828 2046 ordinaret
851 1986 883 2046 et
899 1983 1081 2064 disponeret
1098 2003 1223 2046 mecum
1245 1983 1279 2059 id,

135 2089 217 2172 quod
234 2088 295 2151 sibi
312 2088 413 2170 magis
430 2094 557 2170 gratum
575 2067 607 2150 et
622 2093 786 2172 accepturu
802 2092 899 2165 esset;
917 2086 1030 2150 vellem
1048 2087 1133 2151 enim
1149 2087 1279 2152 libenter

134 2194 166 2256 in
201 2215 257 2256 suo
288 2193 488 2276 beneplacito
519 2200 614 2257 stare.
672 2193 715 2257 Et
749 2194 928 2276 ponderavi
950 2191 1092 2269 solicite,
1130 2193 1278 2276 quomodo

135 2319 284 2381 prospere
309 2303 341 2361 et
364 2298 469 2362 salvus
493 2299 663 2381 perductus
686 2320 785 2362 essem
807 2298 845 2362 ad
869 2303 987 2361 terram
1009 2301 1172 2378 sanctam,
1203 2297 1276 2381 quod

134 2427 152 2468 a
175 2404 272 2485 longo
288 2408 430 2486 tempore
453 2425 524 2466 cum
549 2425 665 2487 magno
681 2403 835 2467 desiderio
857 2403 959 2467 cordis
974 2406 1200 2485 optassem-et
1221 2423 1274 2465 non

134 2511 215 2571 esset
238 2508 317 2571 mihi
341 2508 401 2571 iarn
427 2529 520 2572 causa
541 2509 686 2592 legitima
709 2529 849 2591 presens,
873 2512 1005 2592 propter
1031 2529 1127 2591 quam
1144 2529 1275 2572 remeare

134 2614 221 2678 licite
244 2635 377 2698 possem.
426 2613 508 2677 Nam
532 2615 704 2698 gordianus
729 2613 830 2678 voluit
859 2613 997 2678 libenter
1029 2636 1079 2677 me
1103 2613 1221 2696 habere
1249 2617 1275 2674 et

134 2741 196 2782 non
220 2719 322 2782 solum
346 2726 383 2783 ut
405 2718 540 2785 fratrem
561 2743 645 2806 ymo.
666 2727 703 2785 ut
726 2726 849 2804 patrem
873 2724 991 2784 tenere.
1039 2719 1081 2784 Et
1112 2741 1173 2804 ego
1197 2741 1271 2784 eram

134 2847 191 2908 per
214 2825 264 2888 dei
288 2826 425 2908 gratiam
455 2848 549 2889 sanus
577 2848 718 2910 corpore.
764 2826 806 2890 Et
835 2825 881 2890 sic
903 2825 1075 2908 arguebam
1099 2847 1226 2889 manere
1246 2825 1273 2886 iu

136 2935 223 2994 terra
246 2934 354 2994 saneta
379 2936 410 2994 et
433 2953 496 2995 non
521 2936 586 2995 tam
610 2932 716 2997 subito
734 2931 885 2995 recedere.
933 2930 974 2993 Et
997 2930 1067 2994 dedi
1092 2952 1143 2994 me
1160 2931 1273 3014 penitus

689 3084 708 3117 a

206 3192 216 3243 l
249 3189 304 3245 Der
322 3188 486 3246 aufehthalt
513 3192 562 3247 der
589 3191 682 3263 pilger
710 3191 739 3245 in
763 3192 919 3247 Jerusalem
946 3192 1051 3260 betrug
1079 3190 1140 3246 also
1160 3192 1190 3247 11
1210 3193 1272 3259 tage,

133 3278 232 3333 Febris
251 3278 411 3348 mitpilger,
439 3279 543 3333 welche
568 3277 646 3333 nicht
673 3296 710 3332 an
739 3278 794 3333 den
812 3278 889 3332 Sinai
912 3279 1030 3348 gingen,
1057 3293 1153 3332 waren
1172 3295 1222 3332 nur
1240 3277 1272 3339 10,

134 3367 254 3421 Tuehers
281 3366 339 3420 und
359 3367 507 3422 Wilhelms
527 3384 580 3422 von
600 3367 763 3435 'Fhfiringen
788 3385 842 3420 nur
860 3369 876 3422 8
894 3368 962 3435 tage
989 3365 1017 3418 in
1046 3364 1210 3420 Jerusalem.
1240 3360 1271 3416 lla

134 3454 227 3508 diirfte
241 3454 300 3508 also
312 3453 358 3508 bei
369 3453 453 3509 nour.
463 3454 495 3509 D.
506 3455 575 3524 pilg.
585 3456 702 3509 asstare
713 3456 802 3509 »nach
813 3452 1071 3523 vierzehntagigem
1081 3452 1271 3508 Aufenthalter

134 3540 209 3595 wohl
227 3540 362 3610 richtiger
388 3540 620 3609 ›zehntagigem‹
640 3539 750 3596 heissen.
787 3527 864 3595 llber
890 3541 934 3596 die
952 3540 1101 3595 riichfahrt
1127 3539 1178 3595 der
1194 3540 1273 3610 pilger

134 3627 227 3682 haben
246 3629 297 3682 vvir
315 3628 432 3682 nordio
451 3643 506 3681 von
525 3627 664 3681 (leisheim
683 3629 714 3682 31
735 3628 754 3681 f.
774 3626 916 3696 gegebene
935 3625 1091 3689 naehricht,
1110 3627 1175 3681 dass
1193 3624 1271 3680 mark·

135 3717 202 3786 graf
219 3715 361 3770 Friedrich
381 3715 433 3769 anf
449 3716 498 3769 der
516 3715 595 3769 fahrt
612 3715 747 3772 zwischen
763 3715 877 3771 Rhodus
897 3713 954 3767 und
970 3713 1054 3768 Creta
1073 3711 1128 3768 mit
1146 3715 1211 3769 zuei
1228 3729 1272 3767 von

135 3802 231 3858 seinen
249 3804 421 3874 begleitern‚
443 3803 512 3872 Apel
532 3820 585 3859 von
605 3801 777 3857 Seckendcrf
802 3802 859 3857 und
880 3801 1026 3856 Eberhard
1044 3818 1101 3856 von
1120 3799 1272 3868 streitberg,
1319 3819 1321 3826 ·

136 3907 233 3960 wegen
251 3890 299 3943 des
316 3890 417 3961 spieles
435 3890 466 3943 in
484 3890 564 3944 einen
584 3891 646 3944 sehr
659 3889 908 3959 unerquichliehen
928 3887 1011 3943 streit
1029 3887 1106 3943 kam.
1143 3876 1217 3945 llber
1232 3888 1273 3941 dar

135 3978 241 4048 spielen
260 3977 312 4032 auf
328 3977 391 4031 dem
410 3976 505 4032 schiffe
523 3980 589 4046 sagt
608 3977 692 4031 Fabri
712 3979 731 4041 l,
754 3979 857 4033 root:
889 3977 979 4033 »omni
998 3976 1044 4032 die
1062 3977 1171 4032 fiebant
1191 3972 1275 4046 magni

136 4068 164 4120 et
183 4064 324 4120 criminosi
343 4064 402 4119 ludi
423 4083 440 4119 a
459 4065 599 4120 nobilibus
622 4065 652 4119 in
671 4064 819 4119 naricum
838 4063 943 4119 chartis
962 4067 991 4118 et
1009 4064 1119 4118 taxillis
1139 4106 1146 4120 .
1165 4107 1171 4120 .
1191 4105 1197 4120 .
1215 4063 1275 4119 mul·

134 4155 196 4204 tum
209 4155 238 4207 et
250 4152 416 4208 terribiliter
428 4155 526 4209 contra
537 4153 602 4209 illos
614 4154 719 4209 lusores
734 4153 867 4216 clamavi,
887 4153 995 4223 aliquos
1008 4151 1060 4207 Dei
1072 4154 1173 4222 gratia
1184 4150 1276 4216 averti;

21 4280 24 4286 .
137 4240 244 4308 aliquos
265 4257 330 4295 vero
349 4241 442 4310 magis
461 4242 544 4296 duros
562 4241 686 4296 reddidi:
706 4241 753 4311 qui
773 4241 900 4312 quotidie
918 4242 1051 4296 sederunt
1071 4241 1107 4294 ad
1128 4241 1220 4296 lusum
1236 4242 1278 4295 ha·

137 4326 234 4380 bentes
253 4327 283 4380 in
302 4327 403 4382 mensis
423 4330 490 4388 ante
508 4345 536 4382 se
555 4328 584 4383 L.
605 4328 661 4383 LX.
680 4329 700 4382 Ο
720 4330 771 4382 ant
789 4328 832 4383 00
850 4329 974 4394 ducatos,
992 4345 1063 4397 quas
1082 4328 1118 4382 ad
1140 4347 1228 4385 unum
1243 4329 1279 4382 ln·

136 4413 202 4466 dum
222 4414 425 4484 exponebant«
533 4417 549 4470 2
570 4416 654 4472 Wohl
673 4417 766 4472 flante.
870 4464 874 4467 .
