<?xml version="1.0" encoding="UTF-8"?>
<!DOCTYPE html PUBLIC "-//W3C//DTD XHTML 1.0 Transitional//EN"
    "http://www.w3.org/TR/xhtml1/DTD/xhtml1-transitional.dtd">
<html xmlns="http://www.w3.org/1999/xhtml" xml:lang="en" lang="en">
 <head>
  <title>
</title>
<meta http-equiv="Content-Type" content="text/html;charset=utf-8" />
  <meta name='ocr-system' content='tesseract 3.04.00' />
  <meta name='ocr-capabilities' content='ocr_page ocr_carea ocr_par ocr_line ocrx_word'/>
</head>
<body>
  <div class='ocr_page' id='page_1' title='image "./fratrispauliwal00waltgoog_0293.png"; bbox 0 0 2842 5070; ppageno 0'>
   <div class='ocr_carea' id='block_1_1' title="bbox 681 347 744 414">
    <p class='ocr_par' dir='ltr' id='par_1_1' title="bbox 681 347 744 414">
     <span class='ocr_line' id='line_1_1' title="bbox 681 347 744 414; baseline 0.016 -1"><span class='ocrx_word' id='word_1_1' title='bbox 681 347 744 414; x_wconf 79' lang='lat'><strong>265</strong></span> 
     </span>
    </p>
   </div>
   <div class='ocr_carea' id='block_1_2' title="bbox 120 523 1329 2294">
    <p class='ocr_par' dir='ltr' id='par_1_2' title="bbox 120 523 1289 1661">
     <span class='ocr_line' id='line_1_2' title="bbox 139 523 1287 610; baseline 0.002 -22"><span class='ocrx_word' id='word_1_2' title='bbox 139 528 217 589; x_wconf 89' lang='lat' dir='ltr'><strong>tuno</strong></span> <span class='ocrx_word' id='word_1_3' title='bbox 240 524 398 608; x_wconf 77' lang='lat' dir='ltr'><strong>trepidavi</strong></span> <span class='ocrx_word' id='word_1_4' title='bbox 421 525 453 588; x_wconf 91' lang='lat' dir='ltr'><strong>in</strong></span> <span class='ocrx_word' id='word_1_5' title='bbox 478 526 679 590; x_wconf 79' lang='lat' dir='ltr'><strong>conscientia.</strong></span> <span class='ocrx_word' id='word_1_6' title='bbox 725 523 850 604; x_wconf 80' lang='lat' dir='ltr'>Postea,</span> <span class='ocrx_word' id='word_1_7' title='bbox 874 525 1000 610; x_wconf 87' lang='lat' dir='ltr'><strong>quando</strong></span> <span class='ocrx_word' id='word_1_8' title='bbox 1016 526 1087 591; x_wconf 89' lang='lat' dir='ltr'><strong>veni</strong></span> <span class='ocrx_word' id='word_1_9' title='bbox 1111 524 1149 589; x_wconf 89' lang='lat' dir='ltr'><strong>ad</strong></span> <span class='ocrx_word' id='word_1_10' title='bbox 1174 526 1287 606; x_wconf 84' lang='lat' dir='ltr'><strong>locum,</strong></span> 
     </span>
     <span class='ocr_line' id='line_1_3' title="bbox 120 628 1289 715; baseline 0.002 -23"><span class='ocrx_word' id='word_1_11' title='bbox 120 628 184 693; x_wconf 88' lang='lat' dir='ltr'><strong>-fui</strong></span> <span class='ocrx_word' id='word_1_12' title='bbox 208 628 400 693; x_wconf 87' lang='lat' dir='ltr'><strong>informatus</strong></span> <span class='ocrx_word' id='word_1_13' title='bbox 423 629 460 694; x_wconf 91' lang='lat' dir='ltr'><strong>de</strong></span> <span class='ocrx_word' id='word_1_14' title='bbox 476 631 612 715; x_wconf 85' lang='lat' dir='ltr'><strong>quadam</strong></span> <span class='ocrx_word' id='word_1_15' title='bbox 636 631 746 694; x_wconf 88' lang='lat' dir='ltr'><strong>littera</strong></span> <span class='ocrx_word' id='word_1_16' title='bbox 769 631 864 694; x_wconf 89' lang='lat' dir='ltr'><strong>missa</strong></span> <span class='ocrx_word' id='word_1_17' title='bbox 887 653 906 694; x_wconf 99' lang='lat' dir='ltr'><strong>a</strong></span> <span class='ocrx_word' id='word_1_18' title='bbox 928 631 999 696; x_wconf 86' lang='lat' dir='ltr'><strong>sede</strong></span> <span class='ocrx_word' id='word_1_19' title='bbox 1024 631 1209 715; x_wconf 86' lang='lat' dir='ltr'><strong>apostoliea,</strong></span> <span class='ocrx_word' id='word_1_20' title='bbox 1232 653 1289 714; x_wconf 88' lang='lat' dir='ltr'><strong>per</strong></span> 
     </span>
     <span class='ocr_line' id='line_1_4' title="bbox 140 733 1287 819; baseline 0.001 -21"><span class='ocrx_word' id='word_1_21' title='bbox 140 756 236 818; x_wconf 91' lang='lat' dir='ltr'><strong>quam</strong></span> <span class='ocrx_word' id='word_1_22' title='bbox 259 733 417 798; x_wconf 89' lang='lat' dir='ltr'><strong>sententia</strong></span> <span class='ocrx_word' id='word_1_23' title='bbox 440 741 520 799; x_wconf 88' lang='lat' dir='ltr'><strong>esset</strong></span> <span class='ocrx_word' id='word_1_24' title='bbox 543 735 667 814; x_wconf 83' lang='lat' dir='ltr'><strong>ablata,</strong></span> <span class='ocrx_word' id='word_1_25' title='bbox 701 738 733 799; x_wconf 99' lang='grc' dir='ltr'><strong>εὴ</strong></span> <span class='ocrx_word' id='word_1_26' title='bbox 755 735 799 798; x_wconf 86' lang='lat' dir='ltr'><strong>sio</strong></span> <span class='ocrx_word' id='word_1_27' title='bbox 821 735 991 819; x_wconf 74' lang='lat' dir='ltr'><strong>aliquoties</strong></span> <span class='ocrx_word' id='word_1_28' title='bbox 1014 735 1182 801; x_wconf 84' lang='lat' dir='ltr'><strong>celebravi.</strong></span> <span class='ocrx_word' id='word_1_29' title='bbox 1228 733 1287 799; x_wconf 85' lang='lat' dir='ltr'><strong>Sed</strong></span> 
     </span>
     <span class='ocr_line' id='line_1_5' title="bbox 138 837 1287 924; baseline 0.001 -21"><span class='ocrx_word' id='word_1_30' title='bbox 138 840 213 904; x_wconf 91' lang='lat' dir='ltr'><strong>dum</strong></span> <span class='ocrx_word' id='word_1_31' title='bbox 236 838 283 902; x_wconf 87' lang='lat' dir='ltr'><strong>fui</strong></span> <span class='ocrx_word' id='word_1_32' title='bbox 298 842 410 922; x_wconf 88' lang='lat' dir='ltr'><strong>postea</strong></span> <span class='ocrx_word' id='word_1_33' title='bbox 424 837 614 902; x_wconf 90' lang='lat' dir='ltr'><strong>informatus</strong></span> <span class='ocrx_word' id='word_1_34' title='bbox 637 860 694 922; x_wconf 90' lang='lat' dir='ltr'><strong>per</strong></span> <span class='ocrx_word' id='word_1_35' title='bbox 710 843 834 903; x_wconf 80' lang='lat' dir='ltr'><strong>certum</strong></span> <span class='ocrx_word' id='word_1_36' title='bbox 849 844 985 922; x_wconf 86' lang='lat' dir='ltr'><strong>patrem,</strong></span> <span class='ocrx_word' id='word_1_37' title='bbox 1010 842 1093 924; x_wconf 88' lang='lat' dir='ltr'><strong>quod</strong></span> <span class='ocrx_word' id='word_1_38' title='bbox 1117 861 1179 904; x_wconf 92' lang='lat' dir='ltr'><strong>non</strong></span> <span class='ocrx_word' id='word_1_39' title='bbox 1206 845 1287 905; x_wconf 90' lang='lat' dir='ltr'><strong>esset</strong></span> 
     </span>
     <span class='ocr_line' id='line_1_6' title="bbox 136 945 1287 1025; baseline -0.001 -15"><span class='ocrx_word' id='word_1_40' title='bbox 136 968 247 1010; x_wconf 89' lang='lat' dir='ltr'><strong>verum</strong></span> <span class='ocrx_word' id='word_1_41' title='bbox 271 946 308 1010; x_wconf 93' lang='lat' dir='ltr'><strong>de</strong></span> <span class='ocrx_word' id='word_1_42' title='bbox 330 946 459 1025; x_wconf 86' lang='lat' dir='ltr'><strong>littera,</strong></span> <span class='ocrx_word' id='word_1_43' title='bbox 481 945 535 1010; x_wconf 90' lang='lat' dir='ltr'><strong>sed</strong></span> <span class='ocrx_word' id='word_1_44' title='bbox 558 950 663 1009; x_wconf 88' lang='lat' dir='ltr'><strong>essent</strong></span> <span class='ocrx_word' id='word_1_45' title='bbox 685 945 816 1010; x_wconf 81' lang='lat' dir='ltr'><strong>indubie</strong></span> <span class='ocrx_word' id='word_1_46' title='bbox 840 945 1122 1024; x_wconf 83' lang='lat' dir='ltr'><strong>exeommunicati,</strong></span> <span class='ocrx_word' id='word_1_47' title='bbox 1154 949 1185 1009; x_wconf 93' lang='lat' dir='ltr'><strong>et</strong></span> <span class='ocrx_word' id='word_1_48' title='bbox 1208 967 1287 1009; x_wconf 89' lang='lat' dir='ltr'><strong>swa-</strong></span> 
     </span>
     <span class='ocr_line' id='line_1_7' title="bbox 138 1049 1288 1135; baseline -0.001 -19"><span class='ocrx_word' id='word_1_49' title='bbox 138 1053 234 1117; x_wconf 89' lang='lat' dir='ltr'><strong>debat</strong></span> <span class='ocrx_word' id='word_1_50' title='bbox 256 1050 386 1116; x_wconf 90' lang='lat' dir='ltr'><strong>omnino</strong></span> <span class='ocrx_word' id='word_1_51' title='bbox 409 1049 498 1130; x_wconf 85' lang='lat' dir='ltr'><strong>mihi,</strong></span> <span class='ocrx_word' id='word_1_52' title='bbox 521 1055 558 1114; x_wconf 91' lang='lat' dir='ltr'><strong>ut</strong></span> <span class='ocrx_word' id='word_1_53' title='bbox 574 1072 727 1115; x_wconf 83' lang='lat' dir='ltr'><strong>cessarem</strong></span> <span class='ocrx_word' id='word_1_54' title='bbox 752 1051 999 1116; x_wconf 87' lang='lat' dir='ltr'><strong>aoelebratione</strong></span> <span class='ocrx_word' id='word_1_55' title='bbox 1022 1051 1124 1131; x_wconf 86' lang='lat' dir='ltr'><strong>misse,</strong></span> <span class='ocrx_word' id='word_1_56' title='bbox 1149 1051 1231 1135; x_wconf 90' lang='lat' dir='ltr'><strong>quod</strong></span> <span class='ocrx_word' id='word_1_57' title='bbox 1256 1055 1288 1116; x_wconf 96' lang='grc' dir='ltr'><strong>εὴ</strong></span> 
     </span>
     <span class='ocr_line' id='line_1_8' title="bbox 137 1155 1286 1240; baseline -0.002 -19"><span class='ocrx_word' id='word_1_58' title='bbox 137 1157 199 1222; x_wconf 87' lang='lat' dir='ltr'><strong>feei</strong></span> <span class='ocrx_word' id='word_1_59' title='bbox 223 1161 254 1221; x_wconf 90' lang='lat' dir='ltr'><strong>et</strong></span> <span class='ocrx_word' id='word_1_60' title='bbox 278 1156 347 1239; x_wconf 90' lang='lat' dir='ltr'><strong>ipsa</strong></span> <span class='ocrx_word' id='word_1_61' title='bbox 369 1155 419 1220; x_wconf 91' lang='lat' dir='ltr'><strong>die</strong></span> <span class='ocrx_word' id='word_1_62' title='bbox 442 1178 504 1220; x_wconf 91' lang='lat' dir='ltr'><strong>non</strong></span> <span class='ocrx_word' id='word_1_63' title='bbox 529 1156 595 1221; x_wconf 84' lang='lat' dir='ltr'><strong>dixi</strong></span> <span class='ocrx_word' id='word_1_64' title='bbox 617 1158 745 1221; x_wconf 89' lang='lat' dir='ltr'><strong>missam</strong></span> <span class='ocrx_word' id='word_1_65' title='bbox 766 1178 823 1220; x_wconf 89' lang='lat' dir='ltr'><strong>neo</strong></span> <span class='ocrx_word' id='word_1_66' title='bbox 846 1157 1022 1240; x_wconf 79' lang='lat' dir='ltr'><strong>deinceps«</strong></span> <span class='ocrx_word' id='word_1_67' title='bbox 1071 1155 1112 1220; x_wconf 82' lang='lat' dir='ltr'><strong>Et</strong></span> <span class='ocrx_word' id='word_1_68' title='bbox 1136 1179 1207 1221; x_wconf 89' lang='lat' dir='ltr'><strong>oum</strong></span> <span class='ocrx_word' id='word_1_69' title='bbox 1230 1179 1286 1220; x_wconf 88' lang='lat' dir='ltr'><strong>au-</strong></span> 
     </span>
     <span class='ocr_line' id='line_1_9' title="bbox 137 1260 1285 1347; baseline -0.003 -20"><span class='ocrx_word' id='word_1_70' title='bbox 137 1263 235 1327; x_wconf 86' lang='lat' dir='ltr'><strong>disset</strong></span> <span class='ocrx_word' id='word_1_71' title='bbox 258 1260 427 1326; x_wconf 79' lang='lat' dir='ltr'><strong>cardinalis</strong></span> <span class='ocrx_word' id='word_1_72' title='bbox 451 1283 566 1342; x_wconf 82' lang='lat' dir='ltr'><strong>casum,</strong></span> <span class='ocrx_word' id='word_1_73' title='bbox 590 1263 772 1346; x_wconf 82' lang='lat' dir='ltr'><strong>respondit:</strong></span> <span class='ocrx_word' id='word_1_74' title='bbox 808 1261 954 1327; x_wconf 80' lang='lat' dir='ltr'><strong>›Fraterl</strong></span> <span class='ocrx_word' id='word_1_75' title='bbox 985 1283 1044 1347; x_wconf 84' lang='lat' dir='ltr'><strong>ego</strong></span> <span class='ocrx_word' id='word_1_76' title='bbox 1068 1262 1195 1326; x_wconf 87' lang='lat' dir='ltr'><strong>absolvo</strong></span> <span class='ocrx_word' id='word_1_77' title='bbox 1218 1265 1285 1326; x_wconf 77' lang='lat' dir='ltr'><strong>tel&lt;</strong></span> 
     </span>
     <span class='ocr_line' id='line_1_10' title="bbox 137 1366 1287 1451; baseline 0 -20"><span class='ocrx_word' id='word_1_78' title='bbox 137 1372 168 1431; x_wconf 89' lang='lat' dir='ltr'><strong>et</strong></span> <span class='ocrx_word' id='word_1_79' title='bbox 192 1366 269 1431; x_wconf 87' lang='lat' dir='ltr'><strong>feeit</strong></span> <span class='ocrx_word' id='word_1_80' title='bbox 292 1376 416 1431; x_wconf 86' lang='lat' dir='ltr'><strong>o&#39;ruoem</strong></span> <span class='ocrx_word' id='word_1_81' title='bbox 439 1370 471 1431; x_wconf 93' lang='grc' dir='ltr'><strong>εὴ</strong></span> <span class='ocrx_word' id='word_1_82' title='bbox 494 1368 592 1433; x_wconf 84' lang='lat' dir='ltr'><strong>dixit:</strong></span> <span class='ocrx_word' id='word_1_83' title='bbox 618 1367 736 1447; x_wconf 66' lang='lat' dir='ltr'><strong>»Vada</strong></span> <span class='ocrx_word' id='word_1_84' title='bbox 760 1369 810 1433; x_wconf 86' lang='lat' dir='ltr'><strong>dic</strong></span> <span class='ocrx_word' id='word_1_85' title='bbox 829 1369 958 1432; x_wconf 88' lang='lat' dir='ltr'><strong>missam</strong></span> <span class='ocrx_word' id='word_1_86' title='bbox 981 1373 1012 1434; x_wconf 92' lang='lat' dir='ltr'><strong>et</strong></span> <span class='ocrx_word' id='word_1_87' title='bbox 1035 1369 1206 1432; x_wconf 84' lang='lat' dir='ltr'><strong>ora‘deum</strong></span> <span class='ocrx_word' id='word_1_88' title='bbox 1228 1389 1287 1451; x_wconf 91' lang='lat' dir='ltr'><strong>pro</strong></span> 
     </span>
     <span class='ocr_line' id='line_1_11' title="bbox 135 1470 1286 1557; baseline 0 -21"><span class='ocrx_word' id='word_1_89' title='bbox 135 1475 223 1538; x_wconf 83' lang='lat' dir='ltr'><strong>mel«</strong></span> <span class='ocrx_word' id='word_1_90' title='bbox 270 1470 384 1536; x_wconf 87' lang='lat' dir='ltr'><strong>Postea</strong></span> <span class='ocrx_word' id='word_1_91' title='bbox 399 1473 595 1556; x_wconf 82' lang='lat' dir='ltr'><strong>interrogavi</strong></span> <span class='ocrx_word' id='word_1_92' title='bbox 618 1494 691 1537; x_wconf 91' lang='lat' dir='ltr'><strong>suos</strong></span> <span class='ocrx_word' id='word_1_93' title='bbox 713 1473 847 1537; x_wconf 90' lang='lat' dir='ltr'><strong>ouriales</strong></span> <span class='ocrx_word' id='word_1_94' title='bbox 863 1474 1041 1557; x_wconf 83' lang='lat' dir='ltr'><strong>magistros,</strong></span> <span class='ocrx_word' id='word_1_95' title='bbox 1064 1475 1171 1537; x_wconf 88' lang='lat' dir='ltr'><strong>utrum</strong></span> <span class='ocrx_word' id='word_1_96' title='bbox 1196 1472 1286 1537; x_wconf 83' lang='lat' dir='ltr'><strong>suffi-</strong></span> 
     </span>
     <span class='ocr_line' id='line_1_12' title="bbox 136 1578 1285 1661; baseline -0.001 -20"><span class='ocrx_word' id='word_1_97' title='bbox 136 1581 239 1654; x_wconf 76' lang='lat' dir='ltr'><strong>ceret:</strong></span> <span class='ocrx_word' id='word_1_98' title='bbox 263 1578 509 1661; x_wconf 86' lang='lat' dir='ltr'><strong>responderunt:</strong></span> <span class='ocrx_word' id='word_1_99' title='bbox 543 1578 645 1643; x_wconf 79' lang='lat' dir='ltr'><strong>»Ymo</strong></span> <span class='ocrx_word' id='word_1_100' title='bbox 669 1600 723 1644; x_wconf 87' lang='lat' dir='ltr'><strong>vos</strong></span> <span class='ocrx_word' id='word_1_101' title='bbox 747 1579 822 1643; x_wconf 86' lang='lat' dir='ltr'><strong>est-is</strong></span> <span class='ocrx_word' id='word_1_102' title='bbox 844 1579 1008 1643; x_wconf 90' lang='lat' dir='ltr'><strong>absolutus</strong></span> <span class='ocrx_word' id='word_1_103' title='bbox 1031 1583 1063 1642; x_wconf 88' lang='lat' dir='ltr'><strong>et</strong></span> <span class='ocrx_word' id='word_1_104' title='bbox 1086 1578 1285 1656; x_wconf 69' lang='lat' dir='ltr'><strong>restitutum.</strong></span> 
     </span>
    </p>

    <p class='ocr_par' dir='ltr' id='par_1_3' title="bbox 133 1671 1329 2294">
     <span class='ocr_line' id='line_1_13' title="bbox 136 1671 1329 1768; baseline 0.002 -24"><span class='ocrx_word' id='word_1_105' title='bbox 136 1680 275 1746; x_wconf 84' lang='lat' dir='ltr'><strong>Domum</strong></span> <span class='ocrx_word' id='word_1_106' title='bbox 297 1683 378 1746; x_wconf 85' lang='lat' dir='ltr'><strong>dixit</strong></span> <span class='ocrx_word' id='word_1_107' title='bbox 400 1683 517 1747; x_wconf 87' lang='lat' dir='ltr'><strong>iterum</strong></span> <span class='ocrx_word' id='word_1_108' title='bbox 533 1684 810 1750; x_wconf 88' lang='lat' dir='ltr'><strong>reverendissimus</strong></span> <span class='ocrx_word' id='word_1_109' title='bbox 826 1684 1011 1750; x_wconf 78' lang='lat' dir='ltr'><strong>cardinalis:</strong></span> <span class='ocrx_word' id='word_1_110' title='bbox 1038 1682 1184 1748; x_wconf 78' lang='lat' dir='ltr'><strong>»Fraterl</strong></span> <span class='ocrx_word' id='word_1_111' title='bbox 1209 1682 1285 1768; x_wconf 91' lang='lat' dir='ltr'><strong>quid</strong></span> <span class='ocrx_word' id='word_1_112' title='bbox 1327 1671 1329 1675; x_wconf 43' lang='grc'>’</span> 
     </span>
     <span class='ocr_line' id='line_1_14' title="bbox 134 1787 1285 1872; baseline 0.003 -22"><span class='ocrx_word' id='word_1_113' title='bbox 134 1787 234 1851; x_wconf 87' lang='lat' dir='ltr'><strong>vultis</strong></span> <span class='ocrx_word' id='word_1_114' title='bbox 266 1787 443 1870; x_wconf 69' lang='lat' dir='ltr'><strong>ampliuslr</strong></span> <span class='ocrx_word' id='word_1_115' title='bbox 493 1788 560 1872; x_wconf 80' lang='lat' dir='ltr'><strong>llgo</strong></span> <span class='ocrx_word' id='word_1_116' title='bbox 593 1790 728 1855; x_wconf 86' lang='lat' dir='ltr'><strong>aiebam:</strong></span> <span class='ocrx_word' id='word_1_117' title='bbox 767 1789 1058 1854; x_wconf 73' lang='lat' dir='ltr'><strong>»Reverendissime</strong></span> <span class='ocrx_word' id='word_1_118' title='bbox 1092 1810 1128 1853; x_wconf 87' lang='lat' dir='ltr'><strong>ao</strong></span> <span class='ocrx_word' id='word_1_119' title='bbox 1151 1809 1285 1872; x_wconf 81' lang='lat' dir='ltr'><strong>genero-</strong></span> 
     </span>
     <span class='ocr_line' id='line_1_15' title="bbox 136 1892 1285 1980; baseline 0.001 -24"><span class='ocrx_word' id='word_1_120' title='bbox 136 1893 259 1957; x_wconf 90' lang='lat' dir='ltr'><strong>sissime</strong></span> <span class='ocrx_word' id='word_1_121' title='bbox 275 1892 416 1957; x_wconf 83' lang='lat' dir='ltr'><strong>domine!</strong></span> <span class='ocrx_word' id='word_1_122' title='bbox 440 1893 530 1958; x_wconf 87' lang='lat' dir='ltr'><strong>Detis</strong></span> <span class='ocrx_word' id='word_1_123' title='bbox 546 1895 625 1959; x_wconf 92' lang='lat' dir='ltr'><strong>mihi</strong></span> <span class='ocrx_word' id='word_1_124' title='bbox 641 1896 766 1960; x_wconf 85' lang='lat' dir='ltr'><strong>litteras</strong></span> <span class='ocrx_word' id='word_1_125' title='bbox 789 1899 821 1959; x_wconf 92' lang='grc' dir='ltr'><strong>εὴ</strong></span> <span class='ocrx_word' id='word_1_126' title='bbox 836 1896 1063 1975; x_wconf 86' lang='lat' dir='ltr'><strong>testimonium,</strong></span> <span class='ocrx_word' id='word_1_127' title='bbox 1088 1896 1172 1980; x_wconf 92' lang='lat' dir='ltr'><strong>quod</strong></span> <span class='ocrx_word' id='word_1_128' title='bbox 1187 1894 1285 1958; x_wconf 89' lang='lat' dir='ltr'><strong>simus</strong></span> 
     </span>
     <span class='ocr_line' id='line_1_16' title="bbox 135 1998 1284 2084; baseline -0.001 -21"><span class='ocrx_word' id='word_1_129' title='bbox 135 1999 202 2063; x_wconf 88' lang='lat' dir='ltr'><strong>veri</strong></span> <span class='ocrx_word' id='word_1_130' title='bbox 227 1998 343 2062; x_wconf 83' lang='lat' dir='ltr'><strong>fratres</strong></span> <span class='ocrx_word' id='word_1_131' title='bbox 366 2000 403 2064; x_wconf 93' lang='lat' dir='ltr'><strong>de</strong></span> <span class='ocrx_word' id='word_1_132' title='bbox 425 1998 629 2080; x_wconf 86' lang='lat' dir='ltr'><strong>Iherusalem‚</strong></span> <span class='ocrx_word' id='word_1_133' title='bbox 654 2005 686 2065; x_wconf 87' lang='lat' dir='ltr'><strong>et</strong></span> <span class='ocrx_word' id='word_1_134' title='bbox 708 2001 960 2065; x_wconf 82' lang='lat' dir='ltr'><strong>recommendate</strong></span> <span class='ocrx_word' id='word_1_135' title='bbox 983 2022 1040 2064; x_wconf 88' lang='lat' dir='ltr'><strong>nos</strong></span> <span class='ocrx_word' id='word_1_136' title='bbox 1063 1999 1194 2084; x_wconf 87' lang='lat' dir='ltr'><strong>prelatis</strong></span> <span class='ocrx_word' id='word_1_137' title='bbox 1218 1999 1284 2082; x_wconf 89' lang='lat' dir='ltr'><strong>spi-</strong></span> 
     </span>
     <span class='ocr_line' id='line_1_17' title="bbox 133 2103 1283 2190; baseline 0.002 -24"><span class='ocrx_word' id='word_1_138' title='bbox 133 2103 338 2168; x_wconf 64' lang='lat' dir='ltr'><strong>ritualibuse</strong></span> <span class='ocrx_word' id='word_1_139' title='bbox 385 2104 561 2188; x_wconf 88' lang='lat' dir='ltr'><strong>Respondit</strong></span> <span class='ocrx_word' id='word_1_140' title='bbox 591 2128 647 2170; x_wconf 88' lang='lat' dir='ltr'><strong>sua</strong></span> <span class='ocrx_word' id='word_1_141' title='bbox 670 2107 776 2188; x_wconf 82' lang='lat' dir='ltr'><strong>gratia</strong></span> <span class='ocrx_word' id='word_1_142' title='bbox 798 2107 923 2171; x_wconf 86' lang='lat' dir='ltr'><strong>dicens:</strong></span> <span class='ocrx_word' id='word_1_143' title='bbox 959 2105 1131 2171; x_wconf 80' lang='lat' dir='ltr'><strong>&gt;Libenter</strong></span> <span class='ocrx_word' id='word_1_144' title='bbox 1154 2126 1212 2190; x_wconf 84' lang='lat' dir='ltr'><strong>ego</strong></span> <span class='ocrx_word' id='word_1_145' title='bbox 1236 2105 1283 2169; x_wconf 88' lang='lat' dir='ltr'><strong>fa-</strong></span> 
     </span>
     <span class='ocr_line' id='line_1_18' title="bbox 133 2209 1285 2294; baseline -0.002 -21"><span class='ocrx_word' id='word_1_146' title='bbox 133 2210 216 2273; x_wconf 85' lang='lat' dir='ltr'><strong>ciam</strong></span> <span class='ocrx_word' id='word_1_147' title='bbox 237 2209 328 2274; x_wconf 75' lang='lat' dir='ltr'><strong>robis</strong></span> <span class='ocrx_word' id='word_1_148' title='bbox 358 2210 426 2275; x_wconf 88' lang='lat' dir='ltr'><strong>dari</strong></span> <span class='ocrx_word' id='word_1_149' title='bbox 450 2232 634 2294; x_wconf 82' lang='lat' dir='ltr'><strong>generosam</strong></span> <span class='ocrx_word' id='word_1_150' title='bbox 655 2212 832 2276; x_wconf 80' lang='lat' dir='ltr'><strong>litteram«.</strong></span> <span class='ocrx_word' id='word_1_151' title='bbox 878 2211 974 2275; x_wconf 80' lang='lat' dir='ltr'><strong>Cuius</strong></span> <span class='ocrx_word' id='word_1_152' title='bbox 997 2211 1101 2274; x_wconf 83' lang='lat' dir='ltr'><strong>forma</strong></span> <span class='ocrx_word' id='word_1_153' title='bbox 1136 2215 1167 2275; x_wconf 86' lang='lat' dir='ltr'><strong>et</strong></span> <span class='ocrx_word' id='word_1_154' title='bbox 1192 2214 1285 2274; x_wconf 85' lang='lat' dir='ltr'><strong>tenor</strong></span> 
     </span>
    </p>
   </div>
   <div class='ocr_carea' id='block_1_3' title="bbox 130 2315 1284 2842">
    <p class='ocr_par' dir='ltr' id='par_1_4' title="bbox 130 2315 1284 2842">
     <span class='ocr_line' id='line_1_19' title="bbox 132 2315 540 2400; baseline 0 -19"><span class='ocrx_word' id='word_1_155' title='bbox 132 2315 281 2400; x_wconf 87' lang='lat' dir='ltr'><strong>sequitur</strong></span> <span class='ocrx_word' id='word_1_156' title='bbox 303 2319 336 2379; x_wconf 88' lang='lat' dir='ltr'><strong>et</strong></span> <span class='ocrx_word' id='word_1_157' title='bbox 358 2320 404 2379; x_wconf 88' lang='lat' dir='ltr'><strong>est</strong></span> <span class='ocrx_word' id='word_1_158' title='bbox 428 2317 511 2381; x_wconf 87' lang='lat' dir='ltr'><strong>talis.</strong></span> <span class='ocrx_word' id='word_1_159' title='bbox 529 2318 540 2352; x_wconf 87' lang='lat'>¹</span> 
     </span>
     <span class='ocr_line' id='line_1_20' title="bbox 702 2439 718 2470; baseline 0 0"><span class='ocrx_word' id='word_1_160' title='bbox 702 2439 718 2470; x_wconf 78' lang='lat' dir='ltr'><strong>&#39;lt</strong></span> 
     </span>
     <span class='ocr_line' id='line_1_21' title="bbox 206 2496 1284 2564; baseline -0.002 -1"><span class='ocrx_word' id='word_1_161' title='bbox 206 2509 220 2563; x_wconf 91' lang='lat'>1</span> <span class='ocrx_word' id='word_1_162' title='bbox 240 2509 307 2563; x_wconf 90' lang='lat' dir='ltr'><strong>Hier</strong></span> <span class='ocrx_word' id='word_1_163' title='bbox 324 2508 417 2562; x_wconf 88' lang='lat' dir='ltr'><strong>brioht</strong></span> <span class='ocrx_word' id='word_1_164' title='bbox 435 2509 522 2564; x_wconf 89' lang='lat' dir='ltr'><strong>leider</strong></span> <span class='ocrx_word' id='word_1_165' title='bbox 540 2509 589 2564; x_wconf 89' lang='lat' dir='ltr'><strong>der</strong></span> <span class='ocrx_word' id='word_1_166' title='bbox 602 2509 781 2564; x_wconf 85' lang='lat' dir='ltr'><strong>reiseberieht</strong></span> <span class='ocrx_word' id='word_1_167' title='bbox 800 2509 844 2563; x_wconf 87' lang='lat' dir='ltr'><strong>ab.</strong></span> <span class='ocrx_word' id='word_1_168' title='bbox 882 2496 957 2564; x_wconf 85' lang='lat' dir='ltr'><strong>llber</strong></span> <span class='ocrx_word' id='word_1_169' title='bbox 977 2509 1023 2564; x_wconf 92' lang='lat' dir='ltr'><strong>die</strong></span> <span class='ocrx_word' id='word_1_170' title='bbox 1035 2509 1167 2564; x_wconf 88' lang='lat' dir='ltr'><strong>weiteren</strong></span> <span class='ocrx_word' id='word_1_171' title='bbox 1179 2508 1284 2563; x_wconf 85' lang='lat' dir='ltr'><strong>sohiok-</strong></span> 
     </span>
     <span class='ocr_line' id='line_1_22' title="bbox 131 2595 1281 2666; baseline -0.003 -14"><span class='ocrx_word' id='word_1_172' title='bbox 131 2598 193 2653; x_wconf 89' lang='lat' dir='ltr'><strong>sale</strong></span> <span class='ocrx_word' id='word_1_173' title='bbox 212 2612 325 2650; x_wconf 86' lang='lat' dir='ltr'><strong>unsores</strong></span> <span class='ocrx_word' id='word_1_174' title='bbox 338 2595 451 2665; x_wconf 85' lang='lat' dir='ltr'><strong>pilgers,</strong></span> <span class='ocrx_word' id='word_1_175' title='bbox 467 2597 525 2650; x_wconf 90' lang='lat' dir='ltr'><strong>und</strong></span> <span class='ocrx_word' id='word_1_176' title='bbox 537 2597 685 2653; x_wconf 89' lang='lat' dir='ltr'><strong>besonders</strong></span> <span class='ocrx_word' id='word_1_177' title='bbox 704 2597 771 2651; x_wconf 79' lang='lat' dir='ltr'><strong>iiber</strong></span> <span class='ocrx_word' id='word_1_178' title='bbox 791 2596 835 2652; x_wconf 89' lang='lat' dir='ltr'><strong>die</strong></span> <span class='ocrx_word' id='word_1_179' title='bbox 848 2598 935 2666; x_wconf 81' lang='lat' dir='ltr'><strong>fraga,</strong></span> <span class='ocrx_word' id='word_1_180' title='bbox 954 2598 989 2652; x_wconf 93' lang='lat' dir='ltr'><strong>ob</strong></span> <span class='ocrx_word' id='word_1_181' title='bbox 1008 2597 1065 2650; x_wconf 91' lang='lat' dir='ltr'><strong>und</strong></span> <span class='ocrx_word' id='word_1_182' title='bbox 1079 2595 1130 2650; x_wconf 87' lang='lat' dir='ltr'><strong>wie</strong></span> <span class='ocrx_word' id='word_1_183' title='bbox 1148 2613 1177 2651; x_wconf 91' lang='lat' dir='ltr'><strong>er</strong></span> <span class='ocrx_word' id='word_1_184' title='bbox 1191 2595 1281 2651; x_wconf 88' lang='lat' dir='ltr'><strong>seiner</strong></span> 
     </span>
     <span class='ocr_line' id='line_1_23' title="bbox 131 2683 1280 2754; baseline -0.002 -15"><span class='ocrx_word' id='word_1_185' title='bbox 131 2683 266 2754; x_wconf 83' lang='lat' dir='ltr'><strong>ausgabe,</strong></span> <span class='ocrx_word' id='word_1_186' title='bbox 286 2684 411 2739; x_wconf 85' lang='lat' dir='ltr'><strong>almosen</strong></span> <span class='ocrx_word' id='word_1_187' title='bbox 428 2683 487 2737; x_wconf 79' lang='lat' dir='ltr'><strong>flirs</strong></span> <span class='ocrx_word' id='word_1_188' title='bbox 506 2684 544 2740; x_wconf 92' lang='lat' dir='ltr'><strong>hl.</strong></span> <span class='ocrx_word' id='word_1_189' title='bbox 563 2684 631 2738; x_wconf 87' lang='lat' dir='ltr'><strong>land</strong></span> <span class='ocrx_word' id='word_1_190' title='bbox 650 2703 684 2737; x_wconf 84' lang='lat' dir='ltr'><strong>zu</strong></span> <span class='ocrx_word' id='word_1_191' title='bbox 702 2685 846 2746; x_wconf 87' lang='lat' dir='ltr'><strong>sammsln,</strong></span> <span class='ocrx_word' id='word_1_192' title='bbox 866 2684 1070 2740; x_wconf 77' lang='lat' dir='ltr'><strong>naohlxommen</strong></span> <span class='ocrx_word' id='word_1_193' title='bbox 1088 2685 1201 2747; x_wconf 88' lang='lat' dir='ltr'><strong>konnte,</strong></span> <span class='ocrx_word' id='word_1_194' title='bbox 1222 2684 1280 2752; x_wconf 81' lang='lat' dir='ltr'><strong>vgl.</strong></span> 
     </span>
     <span class='ocr_line' id='line_1_24' title="bbox 130 2772 983 2842; baseline 0 -15"><span class='ocrx_word' id='word_1_195' title='bbox 130 2774 183 2828; x_wconf 84' lang='lat' dir='ltr'><strong>das</strong></span> <span class='ocrx_word' id='word_1_196' title='bbox 201 2772 233 2826; x_wconf 90' lang='lat' dir='ltr'><strong>in</strong></span> <span class='ocrx_word' id='word_1_197' title='bbox 251 2773 301 2828; x_wconf 89' lang='lat' dir='ltr'><strong>der</strong></span> <span class='ocrx_word' id='word_1_198' title='bbox 322 2773 485 2842; x_wconf 82' lang='lat' dir='ltr'><strong>Einleitung</strong></span> <span class='ocrx_word' id='word_1_199' title='bbox 503 2773 540 2827; x_wconf 85' lang='lat' dir='ltr'><strong>xl</strong></span> <span class='ocrx_word' id='word_1_200' title='bbox 558 2772 586 2826; x_wconf 84' lang='lat' dir='ltr'><strong>ff.</strong></span> <span class='ocrx_word' id='word_1_201' title='bbox 606 2774 731 2840; x_wconf 81' lang='lat' dir='ltr'><strong>gesagte.</strong></span> <span class='ocrx_word' id='word_1_202' title='bbox 981 2781 983 2786; x_wconf 73' lang='lat'><strong><em>‘</em></strong></span> 
     </span>
    </p>
   </div>
   <div class='ocr_carea' id='block_1_4' title="bbox 0 0 1426 5070">
    <p class='ocr_par' dir='ltr' id='par_1_5' title="bbox 0 0 1426 5070">
     <span class='ocr_line' id='line_1_25' title="bbox 0 0 1426 5070; baseline 0 4"><span class='ocrx_word' id='word_1_203' title='bbox 0 0 1426 5070; x_wconf 95' lang='lat' dir='ltr'><strong> </strong></span> 
     </span>
    </p>
   </div>
  </div>
 </body>
</html>
