2842 5070
672 305 734 372 118

131 486 238 546 monle
262 481 346 567 Syon
379 487 412 546 et
443 486 571 564 sumpto
594 481 727 563 prandio
751 503 860 546 omnes
883 482 1070 564 cougregati
1105 486 1184 545 sunt
1213 488 1282 546 ante

132 587 286 671 templum
311 587 459 652 dominici
484 586 645 670 sepulchri
678 592 710 650 et
738 587 810 651 dein
837 586 1009 651 intromissi
1034 590 1065 650 et
1089 587 1207 651 inclusi
1230 610 1284 670 per

132 698 268 758 noctem.
314 693 355 756 Et
377 692 447 777 ipsa
470 693 549 757 hora
571 692 655 757 facta
679 697 727 756 est
743 692 903 775 processio
926 714 996 757 cum
1014 715 1132 776 magna
1146 694 1281 776 solemp-

131 799 234 864 nitate
258 803 289 862 et
314 799 480 864 devotione
503 799 641 863 accensis
664 797 775 862 multis
799 798 972 862 luminibus
1001 799 1041 862 ad
1063 799 1196 882 singula
1218 798 1284 862 loca

131 925 230 983 sacra,
255 925 316 987 que
339 904 371 966 in
395 902 516 987 templo
540 906 624 980 sunt,
648 923 717 965 cum
736 900 932 966 orationibus
952 902 1123 986 deputatis.
1173 902 1216 966 Et
1238 904 1283 966 in-

133 1009 289 1072 timantur
312 1008 397 1073 iacta
420 1008 563 1073 locorum
588 1011 620 1071 et
636 1006 837 1090 indulgentie
854 1008 1063 1072 communitor
1088 1007 1122 1071 in
1145 1009 1283 1092 quadru-

132 1114 209 1196 plici
232 1113 359 1197 lingua:
384 1112 491 1178 Primo
514 1113 547 1175 in
564 1112 673 1191 latina,
697 1115 730 1176 2ο
753 1113 785 1176 in
803 1113 982 1192 francione,
1006 1114 1040 1176 3⁰
1062 1112 1097 1177 in
1120 1113 1234 1178 italica
1256 1118 1284 1176 et

133 1219 166 1282 4⁰
188 1219 221 1281 in
245 1218 428 1284 alemanico.
478 1217 520 1281 Et
542 1217 629 1281 fecta
652 1218 852 1300 processione
881 1219 1036 1300 aptabant
1063 1239 1099 1282 se
1123 1218 1284 1302 peregrini

132 1325 172 1389 ad
194 1322 422 1387 confessionem
446 1323 704 1389 etdevotionem.
754 1322 796 1387 Et
818 1345 912 1387 mane
934 1324 967 1387 in
991 1345 1105 1387 aurora
1129 1324 1190 1406 [26
1207 1322 1283 1406 Juli]

132 1430 322 1493 cantabatur
345 1427 485 1492 officium
510 1428 602 1492 misse
624 1428 656 1491 iu
685 1428 845 1493 dominico
860 1427 1037 1511 sepulchro,
1062 1428 1283 1493 etoommuni·

65 1520 68 1526 ⁵
133 1537 284 1598 caverunt
318 1532 429 1597 devote
461 1533 551 1616 quasi
585 1554 692 1597 omnes
726 1532 898 1617 peregrini.
945 1532 987 1597 Et
1019 1538 1151 1616 peracto
1183 1532 1282 1597 officio

100 1693 101 1696 ,
133 1638 279 1701 exierunt
301 1637 420 1721 singuli
444 1638 482 1702 ad
505 1639 574 1702 loca
596 1659 662 1702 sua.

220 1741 361 1807 Sabatho
384 1746 415 1806 et
431 1742 587 1807 dominica
609 1744 754 1827 sequenti
778 1745 832 1821 [27
857 1766 887 1807 u.
906 1741 947 1807 28
962 1741 1045 1824 Juli]
1070 1745 1280 1807 convenerunt

136 1869 244 1912 omnes
267 1847 428 1932 peregrini
452 1848 491 1912 ad
525 1848 686 1912 ecclesiam
716 1849 833 1913 montis
857 1847 960 1933 Syon,
993 1847 1160 1911 audientes
1185 1848 1280 1911 divina

135 1952 241 2018 officia
259 1949 279 2015 ¹.
327 1951 368 2015 Et
391 1952 424 2015 in
449 1954 608 2018 dominica
623 1956 812 2019 reverendus
835 1959 926 2037 pater
942 1953 1118 2037 gordianus
1140 1952 1278 2016 invitavit

135 2081 244 2123 omnes
267 2059 454 2142 peregrinos
481 2059 521 2145 ad
544 2060 722 2143 prandium.
770 2059 811 2124 Et
834 2059 919 2124 facto
943 2057 1078 2142 prandio
1103 2056 1276 2141 congregati

137 2167 229 2227 eraut
251 2165 335 2227 circa
352 2184 496 2247 vesperas
512 2165 594 2229 asini
616 2186 675 2249 pro
691 2165 850 2244 omnibus,
874 2185 952 2248 quos
968 2158 1183 2226 ascenderunt
1198 2183 1274 2244 pere

136 2268 222 2351 grini
252 2268 285 2331 in
317 2273 424 2332 monte
447 2267 550 2354 Syon,
584 2270 765 2354 equitantes
793 2270 918 2334 demum
952 2269 990 2333 ad
1014 2266 1192 2331 Bethleem.
1235 2264 1274 2328 lbi

137 2394 245 2439 omnes
268 2373 430 2457 peregrini
453 2374 571 2457 recepti
595 2378 670 2438 sunt
701 2375 897 2439 afratribus
926 2374 963 2437 ad
988 2376 1198 2452 conventum,
1230 2370 1273 2455 qui

137 2480 215 2545 olim
238 2479 301 2543 fuit
323 2480 550 2543 monasterium
574 2480 675 2543 sancti
696 2478 880 2544 Iheronimi.
927 2479 969 2543 llt
990 2477 1076 2542 facta
1099 2484 1148 2542 est
1171 2478 1270 2540 iterum

138 2584 296 2670 processio
312 2584 423 2648 devote
446 2584 484 2647 ad
508 2584 634 2667 singula
656 2584 726 2650 loca
749 2588 858 2648 sancta
880 2584 1007 2662 ibidem,
1031 2582 1201 2666 dequibus
1220 2581 1271 2643 siu·

138 2690 224 2776 gulis
258 2690 289 2753 in
312 2689 415 2772 specie
445 2689 580 2754 habetur
611 2690 697 2754 infra
728 2689 761 2753 in
785 2688 872 2754 folin.
919 2688 959 2753 Et
990 2710 1085 2752 mane
1118 2688 1151 2752 in
1176 2707 1273 2751 aurora

138 2795 272 2860 secunde
294 2794 374 2858 ferie
398 2794 454 2876 [29
470 2793 491 2858 J
494 2795 550 2878 uli]
576 2799 704 2878 peracto
727 2795 834 2860 officio
856 2794 1028 2858 insedimus
1050 2794 1158 2859 azinos
1181 2798 1211 2857 et
1230 2813 1270 2855 as·

141 2901 301 2966 condimus
316 2905 468 2964 montana
491 2902 529 2965 ad
552 2901 681 2965 domum
697 2900 848 2965 Zacharia
870 2905 903 2964 et
919 2899 1097 2978 Elisabeth,
1120 2898 1273 2982 dequibus

141 3007 236 3070 etiam
261 3007 398 3070 habetur
420 3007 451 3069 iu
477 3006 579 3090 specie
602 3005 680 3071 folio
695 3004 716 3069 ².
763 3006 804 3069 Et
823 3005 961 3070 visitatis
984 3004 1062 3069 locis
1078 3005 1189 3069 devote
1210 3001 1273 3067 ieci·

144 3134 212 3176 mus
234 3111 436 3176 collationem
468 3113 551 3176 circa
586 3112 706 3178 fontem
730 3111 881 3176 Zacharia
913 3115 944 3176 et
978 3110 1048 3193 ipsa
1081 3109 1133 3173 die
1156 3105 1274 3192 regressi

140 3238 247 3281 sumus
270 3217 303 3279 in
332 3216 535 3280 Iherusalem.
583 3216 624 3280 Et
648 3218 771 3280 demum
803 3215 900 3279 tertia
930 3214 1012 3278 feria
1035 3214 1091 3298 [30
1114 3211 1196 3298 Juli]
1216 3214 1275 3295 post

144 3321 313 3406 prandium
336 3321 421 3386 circa
438 3322 679 3404 completorium
698 3319 883 3404 congregati
906 3323 980 3384 suut
1003 3340 1112 3384 omnes
1131 3313 1274 3403 peregrini

708 3473 727 3508 te

218 3599 231 3654 1
251 3598 320 3654 Eine
331 3597 521 3668 regelmdssige
533 3599 731 3668 peregrinatio,
750 3598 796 3653 die
807 3598 852 3651 nie
861 3597 1038 3651 unterlassen
1051 3596 1156 3662 wurde,
1173 3593 1275 3651 bastard

143 3688 183 3742 im
202 3686 320 3741 besuche
338 3686 387 3740 der
408 3685 454 3740 via
472 3686 607 3751 dolorosa,
626 3687 674 3741 des
694 3687 787 3742 thales
800 3678 938 3755 Josaphat
958 3685 1011 3739 mit
1028 3685 1079 3741 der
1097 3682 1275 3755 grabeslrirche

146 3775 269 3831 ldariens
288 3775 344 3828 und
363 3774 411 3830 der
424 3778 613 3845 nngstgrotte,
633 3777 680 3831 des
693 3764 827 3844 (ilberges
844 3776 897 3829 mit
915 3775 964 3829 der
976 3770 1273 3830 himmelfahrtskirche.

143 3863 191 3917 der
213 3861 335 3917 Marion·
354 3863 409 3916 und
429 3863 610 3933 Siloaquelle,
640 3865 687 3919 des
712 3863 808 3918 ackers
827 3862 1033 3917 Acheldemach
1052 3861 1111 3915 und
1130 3861 1178 3916 des
1195 3860 1274 3926 berges

145 3951 193 4005 des
211 3951 296 4005 bosen
323 3952 407 4004 rates.
443 3951 570 4007 Obschon
590 3952 721 4007 Walther
750 3951 824 4006 diere
842 3949 1033 4020 peregrinatio
1060 3948 1142 4004 nicht
1160 3945 1274 4006 eruthnt

142 4037 237 4092 wurde
265 4037 304 4092 sie
322 4056 376 4093 von
395 4056 499 4093 unsern
517 4039 627 4109 pilgern
655 4039 744 4094 sicher
764 4037 896 4109 gemacht
915 4037 973 4091 und
992 4052 1069 4090 zuar
1087 4037 1185 4091 hochst
1202 4032 1274 4089 unhr-

143 4125 293 4180 scheinlich
307 4143 353 4180 am
366 4127 499 4196 Samstag
511 4128 565 4182 den
578 4129 611 4182 27
624 4127 690 4182 Juli.
762 4127 778 4180 2
800 4126 856 4180 Der
868 4124 969 4180 besuch
982 4141 1038 4180 von
1054 4123 1109 4178 Ain
1122 4124 1223 4186 Karim,
1238 4120 1276 4173 der

144 4213 357 4269 traditionellen
375 4215 580 4283 geburtsstttte
598 4215 646 4269 des
665 4214 703 4268 hl.
717 4214 859 4270 Johannes
878 4212 925 4266 des
944 4211 1062 4278 tdufers,
1081 4210 1213 4267 sandwic
1227 4207 1274 4263 hier

144 4303 319 4372 gewohnlich
337 4321 392 4358 von
411 4303 589 4364 Bethlehem,
616 4302 662 4357 hie
681 4301 737 4356 und
757 4301 795 4356 da
814 4301 881 4355 aber
903 4300 974 4354 auch
993 4317 1049 4354 von
1069 4299 1222 4356 Jerusalem
1237 4309 1276 4349 aus

144 4391 226 4446 statt.
262 4389 346 4444 rubri
366 4392 497 4450 11.20ff.
