2842 5070
675 301 740 370 286

133 476 216 552 lena,
240 479 271 538 et
294 480 369 539 sunt
391 475 436 537 ibi
452 473 650 556 indulgentie
673 479 794 559 septem
815 494 972 539 annornm
996 479 1029 538 ct
1051 479 1176 559 septem
1199 496 1281 540 core-

133 602 247 644 nsrum
263 580 282 647 ¹.

222 683 265 771 [p.
290 685 366 764 263]
393 735 400 750 .
425 735 431 748 .
457 735 464 749 .
488 685 593 762 locus,
622 684 677 748 ubi
701 685 852 767 apparuit
875 683 985 747 Ihesus
1009 682 1138 762 Mariis,
1171 689 1220 747 est
1250 684 1281 746 in

133 790 262 873 publico
284 793 387 854 strato
407 810 518 855 versus
541 794 681 853 montem
706 788 801 873 Syon,
824 789 857 852 in
880 792 988 853 monte
1006 809 1114 852 versus
1137 789 1282 855 occiden-

132 893 229 957 telem
254 899 388 977 portem,
411 916 512 978 prope
536 896 675 957 castrum
698 892 895 971 Pisonorurn‚
919 896 952 957 et
975 898 1024 957 est
1045 914 1183 974 mugnus
1204 891 1283 975 lupis

132 998 178 1062 ibi
201 1003 323 1063 erectus
345 999 378 1062 in
402 998 530 1081 signum
553 998 773 1081 apparitionis.
820 997 861 1061 Et
883 997 1034 1062 visitatur
1055 1019 1075 1060 a
1096 996 1282 1080 peregrinis,

133 1107 165 1164 et
187 1104 262 1166 sunt
286 1101 485 1186 indulgentie
508 1107 629 1185 septem
652 1123 808 1167 annorum
846 1107 877 1166 et
910 1106 1032 1184 septem
1060 1123 1247 1166 oarenerum
1261 1100 1282 1165 ².

134 1255 143 1270 .
168 1256 175 1270 .
200 1255 207 1270 .
231 1255 239 1271 .
264 1205 374 1284 Locus,
396 1206 452 1271 ubi
467 1207 618 1290 apparuit
632 1205 744 1271 Ihesus
758 1204 888 1285 Jacobo,
911 1211 959 1271 est
981 1206 1038 1270 ille
1052 1206 1150 1287 locus,
1173 1207 1206 1270 in
1222 1228 1281 1291 quo

132 1312 300 1392 latitabat,
323 1313 450 1397 qnando
473 1311 607 1397 reliquit
627 1312 801 1397 syndonem
825 1318 857 1375 et
880 1311 981 1394 fugit;
1016 1315 1048 1375 et
1071 1315 1121 1374 est
1146 1311 1178 1374 in
1202 1311 1281 1375 velle

131 1416 288 1502 Jossphat
310 1418 342 1481 in
371 1417 450 1500 pede
480 1418 598 1482 montis
621 1415 757 1498 Oliveti,
788 1440 850 1482 non
882 1417 978 1502 longe
1008 1438 1028 1479 a
1060 1419 1161 1499 ponte
1197 1419 1281 1478 trans

133 1526 307 1587 torrentem
331 1520 454 1586 Cedron
477 1520 567 1585 iuxta
600 1520 807 1605 sepulchrum
833 1519 1017 1597 Absolonis‚
1041 1522 1075 1581 et
1094 1518 1281 1582 visitaturo

133 1626 310 1712 peregrinis
326 1629 358 1691 et
372 1632 448 1691 sunt
463 1625 663 1708 indulgentie
680 1624 743 1689 VII
758 1647 914 1690 annorum
930 1629 964 1688 et
978 1621 1042 1686 VlI
1059 1643 1249 1686 carenarum
1259 1621 1278 1684 ⁸.

135 1781 182 1867 [p.
199 1781 276 1866 265]
300 1781 452 1867 Sequitur
466 1787 557 1847 sexta
579 1803 653 1865 pars
669 1781 765 1846 huius
780 1784 947 1860 tractatus,
971 1781 1002 1844 in
1028 1802 1092 1866 quo
1108 1780 1279 1844 describere

133 1887 263 1951 intendo
287 1887 383 1971 plane
405 1886 580 1951 multarum
602 1886 764 1951 variarum
794 1885 960 1948 nationum
984 1885 1125 1948 fidelium
1158 1889 1190 1948 et
1213 1884 1278 1947 infi-

132 1992 249 2056 delium
273 1992 306 2055 in
329 1990 527 2057 Iherusalem
549 1990 777 2055 habitantium.
824 1989 866 2053 Et
889 2011 948 2073 pro
971 1988 1205 2054 fundamentali
1235 1989 1277 2051 in-

132 2098 265 2162 tellectu
287 2098 429 2181 incipere
443 2097 517 2163 volo
538 2119 557 2161 a
577 2096 735 2161 dominica
749 2093 871 2159 Christi
886 2096 1069 2160 escensione
1092 2099 1127 2158 et
1146 2093 1277 2158 breviter

505 2199 667 2286 hystorico
689 2220 874 2283 percurrere
888 2198 910 2262 ⁴.

220 2359 394 2447 Postquam
409 2360 554 2426 dominus
578 2365 687 2425 noster
700 2357 813 2424 Ihesus
827 2357 974 2423 Christus
997 2409 1030 2425 ..
1048 2409 1055 2422 .
1079 2359 1276 2442 legationem,

132 2487 227 2551 quam
251 2487 270 2529 s
291 2469 384 2549 petre
405 2486 462 2530 suo
493 2465 602 2531 celesti
624 2465 764 2549 occepit,
788 2514 795 2527 .
820 2515 827 2528 .
853 2516 859 2526 .
884 2465 1040 2548 implevit,
1065 2515 1071 2528 .
1097 2515 1104 2528 .
1132 2515 1139 2528 .
1163 2464 1275 2529 virtute

132 2571 266 2655 propris
288 2620 296 2635 .
320 2620 328 2634 .
353 2620 360 2634 .
384 2571 525 2635 ascendit
556 2570 590 2634 in
614 2570 727 2637 celum.
774 2570 810 2634 ln
843 2571 912 2635 loco
934 2570 1130 2634 ascensionis
1154 2570 1276 2655 reliquit

132 2676 278 2741 dominus
293 2675 403 2740 Ihesus
417 2675 555 2760 vestigia
574 2675 845 2740 sanctissimorum
861 2675 976 2758 pedum
991 2695 1135 2753 suorum,
1156 2681 1190 2738 et
1207 2674 1274 2739 dicit

132 2780 324 2865 Simplicius,
347 2782 513 2865 episcopus
529 2780 836 2859 lherosolimitanus‚
859 2780 897 2844 de
919 2779 976 2843 illo
990 2778 1072 2859 loco,
1096 2784 1129 2844 et
1145 2778 1272 2844 habetur

133 2886 165 2950 in
188 2886 278 2970 glosa
311 2908 406 2971 super
430 2886 570 2951 Actuum
598 2887 834 2970 apostolorum:
867 2883 964 2949 »Cum
987 2889 1102 2969 postca
1133 2885 1181 2949 ibi
1204 2886 1272 2949 esset

132 2992 264 3056 ecclesis
286 2993 453 3072 edificate,
484 2992 573 3057 locus
595 2993 669 3072 ille,
703 2993 735 3056 in
769 3012 832 3077 quo
854 2993 1013 3055 steterunt
1036 3011 1128 3055 soora
1150 2989 1272 3073 vestigio

132 3096 253 3162 Christi
276 3098 485 3178 ascendentis,
507 3119 673 3182 nunquam
696 3097 803 3182 potuit
825 3098 924 3162 sterni
947 3096 1189 3180 pavimentum,
1211 3113 1271 3180 yno

131 3200 276 3265 resilibst
299 3201 332 3264 in
354 3223 411 3265 ore
425 3201 680 3266 collocantium.
728 3200 798 3266 Heo
818 3201 885 3266 ille.
931 3199 1026 3264 Modo
1041 3204 1150 3264 autem
1166 3198 1269 3265 nostris

133 3306 330 3388 temporibus
345 3305 558 3371 ostenduntur
573 3306 752 3392 peregrinis
767 3307 871 3372 adhuc
885 3305 1032 3389 vestigio,
1055 3327 1118 3390 que
1133 3324 1269 3380 cremon,

132 3410 195 3475 heu
216 3410 359 3493 polluto,
381 3411 488 3494 sepius
509 3410 672 3476 osculatus
694 3431 773 3474 sum.
820 3410 862 3474 Et
891 3411 955 3474 fuit
976 3411 1053 3475 olim
1077 3411 1212 3477 eeclesia
1230 3430 1268 3473 so·

132 3516 245 3580 lemnis
268 3538 287 3580 a
309 3516 403 3580 bento
424 3514 548 3580 Helene
568 3519 705 3580 rotundo
727 3519 920 3595 constructo,
942 3523 975 3582 et
998 3517 1034 3580 in
1055 3517 1162 3583 medio
1185 3516 1267 3601 ipsius

202 3759 215 3812 l
236 3758 320 3813 Fabri
337 3759 358 3824 1,
377 3759 429 3814 ⁸289
447 3759 554 3830 spricht
572 3779 628 3816 von
652 3760 724 3816 »duo
743 3760 838 3815 circuli
856 3760 979 3830 quinque
997 3761 1128 3830 passibus
1157 3761 1194 3815 ab
1210 3756 1264 3812 invi·

131 3864 190 3902 cem
209 3846 373 3902 distantes«.
409 3833 485 3902 Uber
511 3848 567 3903 den
591 3852 636 3904 ort
654 3848 730 3904 siche
748 3848 827 3905 Tobl.
844 3849 927 3918 Golg.
945 3847 998 3903 358
1016 3847 1045 3904 ff.
1137 3849 1156 3903 2
1174 3849 1264 3904 theno

131 3934 215 3989 Fabri
236 3935 254 3999 l,
273 3935 333 3991 268.
370 3934 436 4005 vgl.
453 3936 533 3991 Tobl.
551 3935 620 4005 Top.
636 3936 660 4001 Ι,
676 3938 728 3992 447
747 3937 776 3989 11.
873 3938 890 3990 3
907 3935 993 3990 Fabri
1010 3935 1032 3999 1,
1051 3939 1102 3990 411
1122 3932 1262 3993 beschreibt

131 4022 205 4078 dieso
224 4022 309 4078 hohle
327 4024 507 4079 snsfuhrlioh.
546 4023 592 4078 Boi
609 4023 682 4093 Sepp
692 4025 714 4088 1,
726 4024 778 4079 280
790 4023 820 4080 ff.
838 4023 912 4077 such
923 4023 1072 4093 grnndriss
1089 4025 1149 4079 und
1164 4021 1263 4079 undoht

131 4112 148 4163 4
166 4110 250 4164 l'sbri
268 4110 303 4175 ll,
322 4112 375 4165 282
394 4110 437 4166 bis
455 4113 509 4168 323
526 4111 615 4166 bietet
632 4111 713 4166 einen
726 4110 876 4166 suffimen
887 4109 1124 4181 geschichtlichen
1139 4107 1262 4167 dberblicl

133 4198 199 4253 iiber
216 4198 262 4254 die
279 4199 432 4254 sohiclrsale
449 4200 498 4256 dor
516 4200 596 4254 stadt
606 4199 763 4254 Jerusalem
776 4200 827 4254 wie
836 4199 967 4254 Walther
985 4199 1016 4252 in
1029 4199 1134 4255 (limem
1147 4199 1259 4256 tractate.

135 4286 216 4341 Beide
234 4287 326 4342 haben
344 4289 417 4344 wohl
436 4305 486 4342 sus
504 4288 713 4357 gemeinsamen
736 4289 849 4357 qnellen
867 4286 1025 4358 geschoplt,
1049 4287 1150 4356 jedoch
1178 4288 1212 4342 ist
1225 4283 1259 4337 die

132 4378 179 4429 ort
196 4374 245 4430 der
263 4375 442 4446 dorstellung
459 4377 521 4432 eine
539 4393 612 4448 gens
631 4377 821 4435 verchiodene.
