2842 5070
672 328 737 392 234

132 505 261 588 Georgii
277 505 299 570 ¹.
345 505 480 570 Demum
503 505 661 569 duxerunt
683 522 741 565 nos
758 501 804 565 ‘ad
822 501 979 585 quandam
1002 501 1142 579 domum,
1165 500 1198 563 in
1222 521 1277 582 qua

132 611 240 674 dicunt
263 598 347 674 stare
364 610 549 674 thesaurum
564 607 793 686 absconditum,
818 611 849 670 et
866 607 991 691 quando
1007 606 1109 670 incole
1126 605 1279 688 incipiunt

131 714 239 778 fodere
262 716 422 798 usquead
446 715 600 778 visionem
623 711 727 790 arche,
750 712 784 775 in
808 734 871 795 qua
894 713 991 788 iacet,
1015 715 1092 775 tunc
1116 711 1279 786 evanescit,

132 823 163 882 et
187 820 231 882 sic
246 819 351 901 sepius
366 823 528 883 tentatum
548 821 579 882 et
594 817 765 900 probatum
792 821 839 880 est
854 814 875 880 ².
919 814 957 880 In
975 816 1081 879 eadem
1106 816 1201 879 domo
1223 819 1281 877 stat

131 945 194 987 una
210 924 356 987 columna
378 924 412 987 in
429 923 609 1008 quantitate
631 942 685 986 sex
701 921 878 1004 palmarum
894 958 938 967 -
953 920 1041 984 sechs
1056 917 1227 984 hlaftern³
1243 959 1280 968 -

132 1032 164 1091 et
187 1029 220 1091 in
237 1029 436 1113 longitudine
452 1031 500 1093 est
515 1029 623 1092 decem
639 1026 790 1104 virorum,
814 1026 847 1090 in
864 1027 953 1090 cuius
971 1025 1156 1088 summitate
1173 1025 1281 1108 incipit

132 1133 290 1215 scriptura
321 1154 470 1217 sequens:
505 1130 1149 1218 ΙῙοῙ-Ῑα-«ἾῙΠΙΙἮᾟΞΠΙ
1165 1131 1188 1197 ⁴.
1247 1131 1281 1194 Et

131 1237 165 1300 in
188 1237 334 1319 proxima
357 1237 464 1316 domo,
495 1239 578 1303 forte
607 1240 646 1304 ad
668 1240 786 1325 viginti
809 1261 928 1322 passus,
952 1243 1016 1303 stat
1039 1238 1155 1302 similis
1179 1241 1279 1300 statua

132 1363 189 1425 per
211 1341 318 1405 omnia
340 1340 374 1403 in
397 1342 599 1427 longitudine
627 1349 658 1410 et
682 1346 862 1430 quantitate
891 1365 928 1409 ac
950 1345 1111 1428 scriptura
1124 1341 1149 1408 ⁶.
1196 1340 1279 1405 Unde

133 1449 249 1524 autem,
271 1446 320 1509 vel
338 1469 445 1530 quare,
467 1450 518 1513 vel
535 1450 606 1534 quis
621 1451 773 1534 posuerit,
794 1471 887 1515 nemo
903 1451 995 1515 nobis
1011 1449 1154 1513 indicare
1169 1448 1277 1532 potuit.

132 1549 267 1615 Demum
284 1553 495 1635 equitavimus
518 1560 608 1619 extra
625 1555 828 1622 Babiloniam
843 1576 951 1620 versus
968 1554 1132 1618 dexteram
1148 1575 1276 1629 manum,

133 1660 165 1718 et
187 1656 514 1741 appropinquavimus
538 1658 641 1723 canali
666 1661 698 1723 in
722 1659 877 1724 altissimo
901 1679 1010 1736 muro,
1042 1657 1075 1721 in
1101 1679 1164 1741 quo
1188 1657 1277 1719 currit

133 1782 216 1844 aqua
238 1761 276 1825 de
292 1759 378 1845 Nylo
402 1764 440 1827 ad
462 1766 602 1828 castrum
617 1764 740 1829 soldani
755 1765 778 1830 Ι.
824 1764 865 1828 Et
888 1764 978 1828 iuxta
1000 1766 1143 1826 castrum
1167 1762 1274 1826 dimisi-

132 1886 203 1930 mus
226 1865 264 1929 ad
286 1888 418 1932 manum
450 1868 594 1933 dextram
617 1876 743 1953 partem
773 1869 931 1948 civitatis,
962 1868 999 1931 ad
1028 1867 1192 1930 sinistram
1214 1889 1273 1930 vero

134 1974 274 2035 castrum
289 1971 421 2037 soldani.
468 1971 505 2036 ln
530 1973 589 2037 hoe
612 1977 715 2038 castro
732 1973 858 2037 videtur
882 1976 951 2037 tota
967 1973 1080 2037 civitas
1097 1973 1272 2055 Alhayrun.

110 2108 113 2113 ·
134 2075 270 2140 Domum
293 2076 505 2161 equitavimus
523 2079 715 2143 altissimum
731 2082 871 2142 montem
893 2078 979 2142 inter
1001 2100 1111 2143 omnes
1131 2082 1246 2142 montes
1255 2076 1271 2154 ⁷,

137 2186 169 2245 et
192 2183 224 2245 in
247 2181 304 2246 illo
319 2184 550 2265 speculavimus
570 2185 697 2269 singula
713 2184 860 2248 civitatis.
907 2182 949 2246 Et
971 2184 1016 2247 ibi
1032 2183 1204 2267 diligenter
1225 2204 1270 2266 ego

134 2285 205 2349 dedi
229 2308 279 2349 me
302 2287 425 2351 occulte
457 2289 497 2352 ad
521 2289 780 2354 considerandam
801 2289 1045 2371 amplitudinem
1079 2289 1216 2354 civitatis
1247 2291 1270 2348 et

134 2389 373 2455 multitudinem
395 2415 601 2472 muscarum,
626 2397 658 2458 et
681 2395 812 2459 omnino
835 2416 898 2458 non
922 2394 1013 2477 potui
1037 2394 1183 2470 credere,
1205 2393 1269 2454 sicut

135 2517 232 2578 supra
255 2496 410 2579 scriptum
434 2503 482 2562 est
505 2520 543 2562 ex
566 2499 722 2563 relatione
745 2500 936 2583 aliquorum.
983 2497 1022 2561 In
1047 2499 1154 2563 eodem
1179 2500 1266 2561 monte

135 2601 269 2665 vidimus
293 2603 473 2686 quindecim
495 2603 610 2667 horrea
632 2605 698 2669 sive
723 2605 873 2688 granaria
896 2605 982 2674 ultra
1005 2602 1137 2682 Nilum,
1160 2604 1191 2666 in
1213 2599 1265 2685 qui·

136 2706 195 2770 bus
217 2710 344 2770 sanctus
366 2707 505 2792 loseph,
537 2709 623 2774 filius
644 2709 764 2789 Jacob,
798 2710 1005 2794 congregavit
1027 2708 1218 2774 frumentum
1241 2706 1264 2766 in

135 2811 226 2874 annis
247 2812 419 2893 fertilibus
442 2815 480 2878 de
504 2816 618 2899 quibus
641 2821 760 2899 postea,
783 2815 876 2879 annis
899 2815 1071 2892 sterilibuS‚
1095 2809 1263 2877 sustentavit

62 2981 64 2986 .
135 2919 237 2981 totum
270 2917 425 3002 Egiptum
440 2918 463 2985 ⁸.
510 2920 552 2984 Et
585 2921 662 2984 emit
694 2920 854 2985 Pharaoni
888 2924 989 2984 totam
1024 2925 1146 2983 terram
1177 2912 1264 3000 agipti

207 3093 219 3144 Ι
240 3091 274 3146 In
292 3092 381 3147 dieser
399 3092 495 3148 kircha
507 3093 641 3162 schlugen
660 3029 722 3148 sich
738 3093 783 3148 die
795 3094 926 3163 adeligen
938 3093 1039 3164 pilger‚
1058 3092 1096 3146 da
1115 3093 1163 3146 der
1176 3088 1263 3155 dortige

36 3208 39 3216 ·
135 3179 246 3235 hisehof
256 3180 402 3236 abvvesend
415 3199 481 3246 war,
501 3183 633 3237 selbstau
648 3181 874 3251 Georgi-rittern.
904 3181 989 3235 Fabri
1003 3181 1051 3245 111,
1065 3183 1107 3235 51.
1171 3173 1263 3233 arvad

135 3267 220 3322 Fabri
238 3267 285 3332 ΙΙΙ,
306 3269 339 3322 52
356 3269 423 3322 kam
442 3287 509 3324 man
527 3288 561 3323 zu
574 3270 678 3325 diesem
691 3271 777 3325 banse
798 3287 862 3340 »per
876 3271 991 3339 longam
1005 3270 1108 3324 viam«.
1145 3269 1194 3322 Die
1209 3261 1264 3320 fabel

136 3373 200 3412 vom
214 3357 405 3426 verborgenen
417 3347 528 3413 achatae
542 3359 650 3414 erathlt
669 3377 698 3415 er
712 3360 792 3414 auch.
863 3361 880 3412 3
899 3359 974 3412 Mass
986 3356 1113 3413 offenbar
1128 3369 1262 3426 »sparnac«

136 3441 245 3497 heisseu.
352 3447 369 3498 4
388 3445 474 3500 Fabri
493 3446 542 3510 ΙΙΙ,
561 3447 607 3500 52:
637 3447 773 3501 »vidimus
793 3447 954 3502 columnam
972 3445 1117 3515 lapideam
1136 3440 1265 3514 stupendae

137 3533 296 3587 altitudinis
315 3537 343 3588 et
358 3534 504 3590 mirandae
518 3535 748 3604 magnitudine.
773 3536 834 3591 Von
854 3534 903 3588 der
916 3533 1047 3588 inschrift
1065 3536 1132 3602 sagt
1150 3551 1193 3587 er:
1213 3541 1265 3580 »una

136 3621 234 3676 littera
253 3622 350 3675 stabat
369 3639 452 3692 super
478 3626 564 3692 caput
584 3623 700 3678 alterius
721 3665 727 3677 .
747 3667 752 3679 .
773 3663 780 3676 .
799 3639 868 3692 prae
888 3624 1031 3677 vetustate
1057 3624 1153 3675 autern
1173 3621 1214 3674 vix
1233 3631 1266 3684 po·

136 3712 260 3763 teramus
279 3727 325 3764 eas
346 3727 502 3778 agnoscere,
523 3711 673 3766 videbatur
686 3715 782 3767 tamen
802 3711 889 3775 nobis,
909 3709 983 3779 quod
997 3712 1080 3765 tenor
1093 3726 1187 3766 eorum
1204 3704 1266 3760 asset:

136 3797 301 3852 Jovinianus
321 3799 490 3867 Augustus«.
528 3800 572 3852 An
591 3798 640 3852 der
658 3799 741 3853 atelle
760 3816 814 3854 von
833 3797 960 3865 Babylon
981 3795 1088 3851 befand
1115 3796 1173 3851 sich
1196 3791 1267 3847 frdher

137 3884 181 3938 ein
201 3885 349 3940 romisches
369 3886 476 3941 castell.
515 3887 599 3941 Baed.
623 3888 675 3941 260
693 3904 720 3940 u.
745 3887 804 3941 342.
912 3885 1003 3939 5Das
1023 3884 1167 3952 gegenteil
1193 3874 1266 3934 Fabri:

139 3972 275 4042 »demptis
295 3974 439 4043 seripturis
459 3976 488 4028 et
506 3974 631 4028 tumba«.
738 3975 753 4027 6
779 3971 830 4026 Die
849 3972 908 4025 alte
927 3988 981 4026 von
1001 3969 1121 4024 Saladin
1140 3963 1267 4037 angelegle

137 4060 351 4129 wasserleitung
375 4060 428 4114 mit
454 4061 503 4115 der
529 4059 721 4114 bedentenden
740 4058 812 4113 hdhe
831 4076 885 4114 von
905 4053 938 4113 85
957 4059 1078 4120 metern,
1105 4055 1206 4111 welche
1227 4046 1267 4104 ersi

138 4148 189 4200 seit
212 4150 277 4202 1872
296 4148 382 4203 ausser
401 4148 542 4218 gebrauch
562 4150 669 4217 gesetat
683 4148 729 4201 ist.
765 4146 851 4200 Baed.
870 4147 921 4201 339
940 4145 959 4198 f.
992 4146 1057 4215 Vgl.
1077 4144 1162 4199 Fabri
1181 4142 1222 4202 ΙΙΙ,
1237 4137 1266 4193 u

137 4235 220 4288 Harff
235 4238 277 4291 91.
313 4223 389 4290 ilber
408 4236 452 4290 die
470 4235 610 4291 ebenfalls
629 4252 683 4291 von
702 4234 819 4288 Saladin
839 4235 992 4303 angelegte
1010 4232 1145 4287 citadelle
1165 4249 1186 4288 a.
1205 4221 1267 4284 Baed-

138 4323 197 4375 281.
225 4323 308 4376 Fabri
328 4324 373 4386 Ill,
394 4325 427 4377 62
445 4324 503 4377 und
531 4325 602 4380 oben
621 4340 641 4379 s.
661 4324 712 4376 224
731 4340 805 4376 anm.
827 4327 852 4378 4.
959 4324 973 4374 7
1004 4320 1103 4390 Djebel
1122 4319 1266 4376 Mokattam·

142 4407 203 4476 Vgl.
223 4427 242 4462 s.
262 4413 312 4464 227
331 4426 405 4464 anm.
427 4411 450 4466 2.
577 4411 593 4465 8
612 4409 663 4466 Die
677 4409 850 4480 pyramidem
882 4408 1058 4463 Maundville
1070 4410 1122 4464 410
1143 4408 1224 4462 uennt
1239 4398 1267 4454 sit
