2842 5070
674 346 739 412 252

132 529 242 601 trono;
266 529 457 589 mercatores
481 528 513 588 et
528 523 688 607 peregrini
715 544 775 586 non
795 527 885 586 erant
906 522 1080 601 nobiscum,
1104 522 1181 605 quia
1196 521 1281 603 galee

132 653 150 694 a
172 631 374 714 tempesta[p.
401 629 630 712 116]temaris
653 633 744 692 erant
770 628 908 710 disperse
931 628 970 691 ad
993 627 1132 691 diversas
1155 628 1281 692 insulas.

132 736 174 799 Et
197 736 331 818 prandio
347 738 518 818 apportato
542 734 579 798 de
602 734 693 816 galea
717 733 755 796 ad
780 733 856 796 litus
880 732 976 795 maris
999 732 1192 813 sumpsimus
1215 753 1283 795 cnm

108 830 114 847 ¹
133 841 339 920 iucunditate,
364 844 475 923 postea
491 838 700 920 spatiavimns
724 837 799 900 hinc
822 837 894 900 inde
914 837 1004 900 iuxta
1021 835 1145 900 diversa
1160 836 1282 915 casalia,

132 946 187 1009 ubi
211 946 345 1009 vidimus
369 944 475 1027 plures
501 941 619 1006 Grecos
641 942 807 1026 utriusque
836 963 937 1006 sexus.
984 940 1027 1004 Et
1049 941 1158 1005 eadem
1182 941 1284 1004 insula

135 1056 184 1114 est
206 1050 304 1113 etiam
325 1049 384 1112 sub
407 1051 564 1130 potestate
580 1046 784 1124 Venetorum,
809 1050 840 1110 et
863 1046 982 1109 habent
1005 1045 1051 1108 ibi
1072 1045 1282 1129 capitaneum,

134 1154 188 1237 qui
212 1152 396 1236 propinavit
419 1151 544 1235 aliquos
567 1156 728 1214 castranos
750 1153 860 1214 nostro
883 1151 1028 1232 patrono.
1075 1148 1114 1212 In
1139 1150 1190 1213 die
1213 1171 1283 1213 vero

87 1272 90 1278 “
132 1257 207 1321 lune
232 1256 289 1339 [24
312 1255 408 1340 Nou]
432 1257 604 1320 mansimus
627 1257 755 1321 ibidem.
802 1255 843 1318 Et
873 1255 943 1337 ipsa
971 1254 1021 1318 die
1043 1253 1108 1318 vidi
1139 1254 1171 1317 in
1197 1254 1284 1336 galea

136 1361 296 1446 flagellare
312 1362 501 1425 terribiliter
524 1366 589 1426 tres
612 1362 746 1444 galiotae
769 1382 841 1424 cum
863 1380 974 1442 grosso
998 1358 1084 1437 fune,
1108 1359 1185 1441 quia
1208 1379 1283 1442 neg-

134 1468 281 1531 lexerunt
313 1488 421 1530 eorum
447 1468 573 1552 vigilias
606 1468 640 1530 in
674 1471 766 1532 nocte
790 1465 962 1548 preterita,
996 1464 1079 1527 sicut
1110 1463 1216 1527 solent
1239 1486 1283 1527 se-

134 1573 269 1636 cundum
302 1574 559 1637 consuetudinem
588 1573 716 1657 vigilias
748 1577 864 1636 tenere.
910 1569 994 1635 Item
1024 1569 1059 1632 in
1091 1569 1143 1632 die
1177 1573 1283 1633 sancte

137 1676 312 1741 Katheriue
336 1677 390 1761 [25
408 1675 503 1760 Noa]
529 1677 645 1740 iterum
669 1676 733 1739 dixi
756 1675 884 1739 missam
906 1675 940 1738 in
964 1675 1076 1738 eadem
1097 1673 1234 1756 capella,
1256 1677 1284 1737 et

135 1782 246 1846 statim
268 1781 457 1845 intravimus
479 1803 587 1845 ornnes
616 1781 739 1864 galeam
760 1780 779 1844 ¹.
826 1781 868 1844 Et
897 1782 935 1845 de
965 1801 1035 1844 sero
1068 1779 1153 1844 circa
1175 1779 1283 1844 horam

135 1887 333 1969 completorii
357 1888 496 1951 surrexit
512 1891 624 1951 ventus
647 1886 829 1969 pronubis,
854 1890 886 1950 et
902 1885 1028 1950 duravit
1052 1884 1213 1969 usquead
1238 1906 1281 1947 se-

139 1991 264 2075 quentis
287 1992 348 2056 diei
372 1991 483 2058 horam
498 1993 636 2076 primam
659 1995 731 2075 post
746 1992 926 2068 meridiem;
951 1995 1027 2056 tunc
1043 1989 1183 2053 surrexit
1206 1992 1281 2051 tem-

137 2099 243 2178 pestas
259 2096 363 2160 valida
385 2101 418 2160 et
437 2097 563 2162 duravit
585 2118 643 2179 per
665 2097 773 2179 plures
795 2096 871 2175 dies,
895 2100 925 2160 et
949 2097 1067 2159 iterum
1083 2093 1210 2177 expulit
1233 2113 1283 2155 uos

136 2200 355 2282 potentialiter
377 2205 468 2266 extra
490 2224 594 2265 veram
618 2202 699 2265 viam
732 2223 790 2285 per
824 2201 927 2264 multa
950 2198 1103 2276 miliaria,
1134 2199 1182 2260 ita
1206 2197 1283 2282 quod

135 2326 192 2388 per
215 2305 360 2389 quintam
384 2309 417 2370 et
438 2312 560 2371 sextam
582 2306 678 2370 ferias
702 2304 762 2392 [27
788 2306 853 2369 und
876 2303 918 2368 28
944 2302 1041 2389 Noa]
1067 2302 1283 2384 navigavimus

135 2409 166 2472 in
192 2431 279 2473 mare
302 2410 471 2475 hincinde
494 2433 563 2475 cum
590 2432 704 2496 magno
727 2406 912 2493 periculo²;
937 2413 969 2472 et
993 2408 1044 2471 vix
1066 2408 1179 2472 sabato
1203 2407 1281 2470 eirca

134 2536 280 2597 vesperas
304 2516 359 2597 [29
376 2514 471 2599 Nou]
489 2520 671 2599 poteramus
687 2515 847 2598 applicare
864 2518 993 2596 portum
1015 2513 1103 2576 iuxta
1120 2511 1282 2575 castellum

137 2619 324 2703 Malfasyam
337 2619 365 2699 ⁸,
399 2621 487 2684 iuxta
511 2622 593 2705 quod
617 2621 784 2684 castellum
808 2621 855 2682 est
887 2617 1099 2681 fortissimum
1129 2623 1281 2688 castrum

137 2726 245 2809 ibique
267 2731 433 2790 morantur
456 2725 548 2791 Greci
578 2732 610 2791 et
633 2729 707 2790 sunt
730 2726 788 2788 snb
812 2727 970 2807 potestate
992 2721 1199 2787 Venetorum.
1247 2720 1284 2782 Et

135 2852 206 2894 cnm
230 2831 555 2915 appropinquavimus
584 2854 654 2896 sero
683 2832 715 2894 in
755 2831 805 2894 die
833 2834 941 2894 sancte
972 2826 1187 2905 Katherine⁴,
1219 2848 1282 2889 mu-

137 2941 223 3000 tatus
247 2941 294 3000 est
320 2938 433 2999 ventus
457 2942 489 3000 et
509 2936 612 3001 factus
636 2959 694 3019 pro
716 2936 817 2999 nobis.
863 2933 953 2997 Tunc
975 2937 1072 2996 naute
1094 2932 1202 2996 subito
1217 2952 1282 2993 ver-

138 3042 250 3104 tebant
271 3041 377 3105 velum
402 3044 435 3104 et
459 3040 592 3124 galeam,
616 3044 778 3123 sperantes
801 3061 988 3122 recuperare
1003 3037 1088 3101 viam
1111 3037 1282 3120 perditam3

138 3147 191 3210 sed
214 3146 297 3210 circa
320 3146 460 3210 medium
491 3146 594 3210 noctis
622 3146 738 3208 iterum
761 3148 874 3208 ventus
897 3143 1002 3207 factus
1033 3147 1081 3205 est
1112 3142 1285 3205 contrarius

137 3256 169 3316 et
185 3252 309 3335 expulit
324 3257 380 3315 n'os
395 3250 614 3333 potentialiter
634 3272 704 3315 cum
722 3269 836 3332 magno
853 3249 967 3312 timore
990 3252 1022 3311 et
1038 3245 1182 3329 periculo
1198 3250 1284 3309 extra

137 3357 221 3421 viam
245 3357 283 3420 ad
300 3360 407 3438 partes
423 3354 533 3419 Grecie
548 3375 648 3439 usque
670 3353 709 3417 ad
724 3356 852 3436 portum
869 3352 960 3416 iuxta
975 3355 1115 3415 castrum
1131 3349 1251 3434 Nylum
1264 3349 1285 3427 ⁵,

214 3636 226 3688 1
248 3635 326 3688 Auch
343 3633 428 3687 Fabri
446 3632 503 3686 und
518 3632 662 3686 Breidenb.
682 3634 806 3686 mussten
821 3631 880 3685 vier
898 3633 964 3698 tage
981 3630 1020 3683 im
1040 3629 1126 3683 hafen
1137 3627 1287 3685 Schefanus

141 3720 260 3775 bleiben.
332 3721 348 3772 2
369 3719 528 3773 ›lnutiliter
545 3719 737 3788 evagabamur
756 3734 805 3787 per
819 3734 897 3771 mare
913 3718 1051 3785 Aegeum«
1073 3716 1155 3770 Fabri
1170 3717 1216 3778 111.
1231 3719 1285 3771 306.

139 3813 154 3863 3
173 3808 257 3862 Fabri
277 3807 327 3875 111,
346 3808 412 3861 315:
433 3823 511 3860 »cum
531 3807 774 3876 advesperasceret
792 3805 829 3858 ad
850 3821 934 3860 cornu
953 3805 1062 3859 Maleae
1081 3805 1285 3874 appropinqua-

141 3896 256 3950 vimus«.
295 3895 426 3949 Malfasia
444 3895 516 3964 liegt
534 3895 613 3949 nicht
632 3913 683 3963 gar
699 3894 764 3949 weit
784 3893 867 3963 (circa
885 3893 919 3948 30
932 3892 1091 3959 kilometer)
1111 3909 1168 3970 von
1187 3891 1285 3945 diesem

139 3984 312 4054 vorgebirge.
419 3985 436 4036 4
456 3981 498 4034 Da
517 3981 568 4035 das
586 3980 643 4035 fest
661 3981 710 4034 der
730 3981 769 4034 hl.
782 3979 941 4034 Katharina
961 3997 1008 4033 am
1027 3980 1061 4032 25
1080 3978 1152 4033 Nov.
1172 3978 1287 4047 gefeiert

140 4071 218 4136 vvird,
237 4072 309 4140 liegt
327 4071 386 4125 bier
404 4069 449 4125 ein
461 4070 563 4123 irrtum
574 4067 716 4123 Walthers
729 4086 787 4124 vor.
824 4068 859 4121 Es
872 4067 948 4121 kann
968 4066 1028 4119 hier
1047 4083 1101 4118 nur
1115 4083 1180 4121 vom
1200 4065 1286 4119 abend

141 4157 189 4212 des
208 4160 241 4212 29
260 4158 332 4213 Nov.
359 4159 402 4212 die
421 4156 487 4212 rede
513 4155 586 4217 sein,
614 4153 672 4208 und
699 4153 748 4208 der
776 4153 814 4208 ist
834 4152 971 4222 vigilias.
993 4151 1121 4205 Andreae
1139 4154 1169 4206 et
1187 4151 1286 4205 festum

139 4261 159 4296 s.
180 4244 334 4300 Saturnini.
441 4250 456 4299 5
475 4244 550 4297 Musa
568 4243 639 4297 nach
658 4241 741 4295 Fabri
760 4242 808 4305 ΙΙΙ,
828 4243 879 4296 316
899 4239 966 4295 Milo
984 4237 1094 4293 heissen.
1132 4238 1286 4293 Sonderbar

137 4329 183 4394 ist,
202 4332 267 4386 dass
280 4332 418 4395 Walther,
438 4331 487 4387 der
506 4331 551 4386 die
570 4330 640 4385 insel
659 4347 681 4385 s.
694 4330 728 4384 83
750 4329 818 4383 Mila
839 4329 966 4399 genannt
984 4327 1073 4390 hatte,
1093 4325 1137 4380 ihr
1157 4325 1217 4379 hier
1235 4325 1285 4378 den

138 4435 240 4473 namen
257 4418 284 4472 N
285 4419 348 4488 ylus
366 4419 451 4490 giebt.
