2842 5070
675 323 739 389 216

131 524 318 566 racenorum
335 501 365 578 ¹3
398 501 444 564 ibi
473 504 542 565 erat
566 503 701 583 puteus,
739 500 791 564 sed
816 521 900 583 aqua
923 502 991 562 erat
1013 498 1131 561 salsata
1165 503 1198 562 et
1220 499 1279 562 sole

131 607 232 671 bestie
254 606 420 685 biberunt,
455 611 487 670 et
509 627 566 670 nos
597 626 633 669 eo
657 604 709 668 die
732 627 796 669 non
820 604 1000 668 invenimus
1022 625 1138 687 aquarn
1163 603 1278 667 dulcem

131 733 188 775 nec
210 711 304 774 aliam
324 710 344 775 ².
392 710 476 774 Item
499 710 533 773 in
557 708 717 772 dominica
741 708 825 771 infra
849 712 977 772 octavas
1000 708 1101 770 sancti
1126 705 1281 772 Francisei

136 817 168 900 [5
194 816 279 899 Oct]
304 816 518 900 equitavimus
541 815 574 878 in
596 814 725 896 magnis
747 813 908 878 caloribus
936 813 1023 876 etin
1046 811 1172 891 labore,
1204 812 1282 877 fame

136 926 168 986 et
190 921 245 984 siti
268 943 325 1004 per
348 923 465 984 multas
489 919 641 1002 planities
673 924 705 982 et
728 917 960 996 infructuosas,
993 920 1024 980 et
1055 938 1112 1000 per
1146 918 1282 1001 quinque

134 1026 200 1090 dies
216 1048 380 1110 nunquam
397 1025 534 1090 vidimus
549 1023 691 1107 aliquam
707 1023 852 1086 arborem
878 1022 944 1086 sive
967 1020 1108 1086 fertilem
1132 1023 1200 1086 sive
1224 1026 1281 1087 ste-

137 1130 240 1196 rilem.
286 1130 328 1194 Et
343 1131 412 1212 ipsa
435 1130 485 1194 die
502 1130 586 1194 circa
602 1129 768 1192 meridiem
784 1127 965 1192 invenimus
980 1128 1071 1191 iuxta
1085 1128 1170 1192 viam
1188 1152 1281 1193 unum

132 1236 275 1320 ydolum,
294 1235 349 1300 scl.
363 1237 520 1318 quandam
534 1234 717 1319 ymaginem
732 1233 849 1297 factam
867 1237 951 1297 stare
966 1232 999 1296 in
1012 1232 1149 1315 quadam
1167 1233 1213 1316 [p.
1232 1234 1281 1316 99]

139 1341 290 1424 spelunea
313 1363 420 1423 parva,
443 1341 495 1404 cui
517 1338 620 1404 Arabi
643 1340 745 1418 rudes,
767 1343 929 1403 morantes
953 1338 985 1401 in
1005 1338 1140 1417 deserto,
1164 1340 1281 1403 faciunt

134 1446 336 1510 adorationes
360 1449 392 1510 et
406 1444 586 1510 oblationes
609 1445 642 1508 in
659 1445 723 1508 suis
740 1437 901 1509 erroribus
912 1442 936 1508 ³.
982 1441 1051 1507 Nos
1068 1441 1198 1528 quoque
1212 1467 1280 1528 pre-

131 1552 320 1630 terivimus;
355 1572 413 1634 ego
437 1555 541 1614 autem
566 1550 655 1632 quasi
680 1550 812 1613 ultimus
835 1550 993 1633 applicavi
1018 1571 1083 1628 me,
1107 1558 1146 1613 ut
1169 1552 1280 1614 certius

133 1655 282 1736 viderem,
299 1660 330 1720 et
346 1656 409 1720 vidi
427 1655 629 1719 simulacrum
648 1654 767 1718 factum
780 1653 802 1721 ⁴.
849 1652 932 1719 Item
948 1654 1029 1719 feria
1045 1656 1186 1719 secunda
1202 1656 1279 1720 infra

131 1767 262 1825 octavas
295 1761 397 1825 sancti
423 1759 581 1824 Francisci
606 1758 638 1846 [6
662 1757 746 1842 Oct]
771 1759 967 1824 surreximus
1002 1783 1094 1824 mane
1126 1761 1219 1844 quasi
1252 1762 1278 1823 in

133 1867 237 1930 media
254 1870 406 1956 nocte,et
421 1865 561 1930 oneratis
577 1866 705 1929 camelis
722 1870 753 1929 et
771 1865 951 1949 preparatis
967 1865 1063 1930 asinis
1079 1886 1154 1929 cum
1169 1887 1279 1950 magno

133 1970 251 2053 gaudio
276 1971 502 2054 equitavimus,
539 1975 703 2053 sperantes
726 1992 819 2035 mane
841 1971 1008 2054 pervenire
1031 1972 1069 2035 ad
1096 1970 1278 2056 Matreyam,

131 2075 194 2141 hoc
217 2079 265 2139 est
288 2075 326 2139 ad
349 2078 456 2140 ortum
480 2078 511 2140 et
534 2077 681 2155 domum,
715 2098 776 2159 que
806 2081 853 2141 est
875 2077 966 2140 iuxta
990 2075 1130 2157 fontem,
1160 2075 1196 2141 in
1227 2098 1279 2161 quo

134 2180 229 2243 beata
251 2181 344 2263 virgo
368 2180 470 2244 Maria
491 2180 572 2244 lavit
587 2202 721 2264 puerum
738 2179 876 2261 Ibesum,
900 2182 1028 2265 quando
1051 2181 1112 2246 ivit
1136 2182 1171 2244 in
1188 2182 1277 2265 Egip-

132 2288 212 2352 tum.
260 2286 301 2350 Et
324 2286 357 2349 in
381 2307 505 2361 aurora,
530 2307 602 2350 curu
625 2286 727 2350 adhuc
750 2290 854 2350 essent
877 2287 1016 2364 tenebre,
1041 2287 1210 2370 equitabat
1232 2288 1276 2350 do·

132 2391 240 2453 minus
258 2389 461 2455 Bernhardus
485 2391 523 2454 de
540 2389 768 2475 Breydenbach
796 2392 829 2454 in
846 2392 965 2456 camelo
988 2396 1020 2455 et
1037 2392 1180 2474 perdidit
1196 2391 1274 2476 quasi

134 2496 286 2560 ducentos
310 2497 451 2576 ducatos,
476 2517 554 2580 quos
570 2496 652 2559 clam
675 2497 795 2581 reperit
812 2498 941 2581 quidam
956 2496 1150 2561 Sarracenus
1175 2500 1207 2560 et
1229 2499 1272 2559 ab

135 2601 276 2678 scondit;
300 2601 352 2666 hio
368 2599 560 2665 Sarracenus
582 2622 646 2664 non
671 2603 740 2665 erat
763 2601 801 2665 de
816 2603 944 2681 nostris,
968 2585 1000 2665 et
1023 2601 1127 2665 invia
1150 2624 1188 2666 ex
1212 2622 1271 2665 casu

135 2707 224 2770 venit
246 2708 287 2771 ad
310 2729 366 2771 nos
390 2689 463 2772 cum
478 2706 600 2770 duobus
627 2707 755 2770 camelis
779 2707 887 2770 volens
909 2707 956 2771 ire
969 2705 1160 2790 Alkayrum.
1207 2705 1271 2769 (lun

134 2815 240 2874 autem
263 2811 348 2876 facta
382 2817 464 2875 esset
488 2811 572 2890 dies,
607 2816 756 2894 expertus
780 2816 836 2901 est·
851 2812 996 2877 dominus
1021 2810 1227 2875 Bernhardus
1246 2830 1269 2872 sc

134 2917 307 3000 perdidisse
322 2939 412 2982 suam
426 2917 605 3001 pecuniam,
622 2921 744 2982 terrore
755 2938 920 3000 percussus
934 2916 1084 3001 prosiluit
1100 2917 1139 2980 de
1157 2915 1270 2991 camelo,

711 3080 728 3112 11·

133 3179 238 3234 wieder
251 3178 384 3234 teilweise
397 3179 581 3248 hergestellte
592 3179 652 3233 und
665 3179 897 3234 wahracheinlich
915 3181 999 3234 unter
1011 3179 1115 3233 Darius
1128 3178 1269 3236 vollendete

132 3267 220 3321 kanal
240 3267 373 3336 gemeint.
411 3261 500 3322 Gbist.
520 3269 571 3322 215
591 3267 698 3337 spricht
717 3269 790 3322 auch
809 3287 864 3324 von
882 3267 958 3332 ihm,
977 3267 1139 3322 bezeichnet
1158 3268 1223 3322 aber
1237 3264 1267 3318 als

136 3354 227 3409 aweok
245 3353 389 3409 desselben
417 3352 496 3408 nicht
524 3352 644 3408 dsn‘Nil
664 3353 784 3409 sondern
810 3353 862 3407 das
880 3354 1123 3409 mittellandische
1141 3372 1215 3410 mser
1229 3350 1268 3406 nit

134 3444 197 3497 dem
216 3444 296 3496 roten
315 3457 406 3495 meare
425 3459 458 3494 zu
477 3442 639 3498 verbinden.
676 3441 731 3496 Der
749 3443 819 3511 plan
838 3440 876 3496 sei
896 3443 1072 3511 ausgegeben
1084 3443 1204 3506 worden,
1220 3435 1267 3493 weil

132 3531 185 3584 das
203 3530 307 3583 letaere
324 3527 483 3583 bedentend
501 3529 588 3583 hdher
607 3528 682 3598 liege
701 3529 743 3583 ala
763 3529 813 3583 das
832 3531 944 3593 erstere,
964 3529 1025 3584 eine
1044 3529 1163 3593 ansioht,
1182 3525 1267 3582 welche

134 3617 193 3672 sich
211 3616 255 3670 bis
274 3634 337 3670 aum
355 3615 426 3670 ende
444 3615 492 3671 des
512 3616 629 3686 vorigen
643 3617 738 3686 jahrb.
757 3618 887 3672 erhalten
905 3619 965 3672 hat.
1002 3617 1086 3672 Baed.
1105 3619 1159 3672 453
1177 3617 1204 3671 ff.

206 3704 295 3758 lDas
313 3701 429 3772 heutigo
456 3703 514 3759 fort
532 3704 645 3773 Agrud,
666 3705 783 3759 welches
810 3705 855 3759 die
874 3721 994 3759 neueren
1021 3703 1147 3759 foracher
1173 3704 1216 3758 fiir
1231 3700 1268 3753 das

134 3793 202 3848 bibl.
223 3791 401 3846 Pihaohirott
421 3791 528 3846 halten.
565 3775 646 3846 naed'
660 3792 722 3846 498.
758 3793 843 3846 Fabri
862 3793 896 3857 ll,
916 3791 1074 3846 54211111
1092 3792 1143 3846 das
1162 3785 1268 3862 gebtude

134 3881 213 3935 nicht
231 3896 342 3934 musaea
361 3879 482 3934 sondern
495 3880 629 3949 richtiger
642 3880 825 3936 diversorium
845 3881 902 3934 und
917 3879 1054 3933 berichtet
1074 3879 1141 3934 iiber
1160 3880 1268 3933 brunnen

136 3967 194 4020 und
206 3983 309 4021 wasser
327 3966 379 4020 wie
393 3967 525 4021 Walther
545 3985 598 4020 nur
617 3970 704 4021 etwas
730 3967 941 4022 ansfr'ibrlieber.
972 3967 1041 4021 Vom
1060 3967 1131 4021 ende
1149 3965 1268 4021 deeroter

135 4071 239 4111 meeres
259 4073 296 4110 an
315 4073 402 4125 aogen
421 4073 521 4110 unsere
539 4055 632 4126 pilger
652 4057 703 4109 anf
718 4056 767 4110 der
786 4072 842 4109 von
862 4056 946 4110 Kaira
966 4055 1039 4108 nach
1057 4054 1160 4110 Mallia
1177 4055 1269 4107 fulren·
1302 4099 1304 4102 a

137 4144 192 4198 den
210 4141 409 4212 pilgerstrade,
428 4142 487 4197 und
506 4160 534 4198 es
553 4143 729 4211 begegneten
748 4142 898 4197 denselben
927 4142 998 4196 auch
1016 4141 1268 4211 pilgerkarawanen.

135 4233 152 4285 2
181 4231 241 4286 Den
268 4233 313 4287 ort
342 4231 390 4286 (111
409 4232 591 4301 nachtlagers
610 4232 699 4285 neunt
718 4230 802 4284 Fabri
821 4249 846 4284 a.
867 4247 892 4285 a.
912 4248 934 4285 o.
955 4227 1053 4284 Choes.
1160 4232 1176 4285 3
1204 4219 1268 4281 labri

137 4319 265 4372 erwtthnt
284 4319 371 4373 dieses
389 4319 496 4374 idolum
515 4320 608 4375 nicht..
691 4321 708 4372 4
727 4319 782 4372 Der
800 4321 845 4374 ort
864 4318 911 4373 des
930 4318 1111 4386 nachtlagers
1130 4317 1193 4373 biess
1211 4310 1267 4369 nach

136 4405 220 4459 Fabri
239 4406 274 4472 Il,
296 4409 345 4463 545
365 4407 519 4472 Maffracb;
539 4408 690 4462 denselben
708 4423 811 4461 namen
829 4407 881 4460 hat
899 4407 970 4460 auch
989 4403 1072 4458 Harff
1090 4407 1149 4460 117.
