2842 5070
675 353 737 419 110

220 528 336 594 Emsus
366 531 509 612 tempore
532 526 651 592 Christi
682 533 751 592 erat
781 527 948 592 castellum
974 527 1081 592 nobile
1107 528 1150 591 60
1173 525 1283 590 stodiis

132 633 171 699 ab
189 633 391 712 iherusalem,
414 633 469 696 sed
485 633 577 697 modo
593 632 758 716 villegium
774 655 917 717 parvum.
965 632 1006 695 Et
1027 633 1062 695 iu
1077 631 1138 695 illo
1153 631 1282 695 castello

132 740 323 804 habitabant
346 739 395 803 illi
419 739 480 802 duo
503 739 660 822 discipuli,
684 738 739 803 scl.
764 737 865 802 Lucas
888 740 920 800 et
943 735 1117 820 cleophas,
1150 736 1190 799 de
1223 756 1282 819 quo

132 844 244 909 scribit
269 843 368 909 Lucas
400 844 432 906 in
467 865 523 908 suo
547 843 722 928 ewangelio
746 842 888 927 capitulo
913 844 965 906 24.
1012 841 1053 905 Et
1075 842 1190 906 dicunt
1214 840 1282 924 qui-

133 949 216 1027 dam,
241 949 323 1033 quod
347 947 448 1013 Lucus
471 969 585 1012 nomeu
609 970 702 1011 suum
726 969 787 1012 non
812 947 940 1030 scripsit
962 947 1016 1011 sed
1039 967 1134 1010 cause
1150 944 1282 1008 humili-

122 1055 211 1119 tatis
227 1053 373 1134 obticuit,
390 1054 442 1118 sed
461 1075 606 1137 expresse
623 1054 730 1137 posuit
745 1074 859 1116 nornen
877 1050 1016 1135 Cleophe
1032 1055 1168 1134 propter
1186 1049 1284 1112 msius

133 1159 354 1225 testimonium
369 1159 524 1224 veritatis.
561 1157 620 1222 Sed
638 1160 834 1223 contrarium
846 1159 973 1238 videtur
987 1179 1044 1241 per
1054 1155 1283 1232 lberonimum

134 1264 244 1349 quiin
270 1263 404 1348 prologo
426 1285 521 1346 snper
544 1261 663 1328 Lucum
687 1263 781 1341 dicit,
815 1264 919 1346 ipsum
949 1284 1020 1326 curu
1051 1261 1183 1325 domino
1215 1281 1283 1342 per-

133 1369 286 1434 sonaliter
309 1390 373 1432 nou
397 1365 504 1432 fuisse.
549 1365 693 1431 Fuerunt
717 1374 821 1432 tumen
854 1368 902 1431 illi
934 1369 995 1431 duo
1018 1368 1114 1430 umbo
1137 1363 1284 1447 discipuli

134 1471 255 1538 Christi
279 1494 316 1536 ex
341 1471 381 1536 72
404 1471 587 1555 discipulis,
611 1477 643 1535 et
667 1473 741 1536 duur
765 1472 796 1536 in
822 1473 872 1535 die
898 1471 1141 1536 resurrectionis
1166 1468 1284 1532 Christi

135 1578 220 1642 irent
243 1577 280 1642 de
297 1576 492 1641 lherusslem
508 1578 542 1640 iu
559 1577 686 1657 bimum,
711 1583 788 1642 tuno
804 1577 889 1641 infra
904 1576 1103 1641 iherusalem
1120 1578 1153 1638 et
1171 1574 1283 1638 Emaus

134 1681 299 1748 castellnm
322 1682 468 1746 adiunxit
499 1703 532 1745 se
555 1680 665 1747 lhesus
690 1681 835 1746 Christus
866 1683 900 1746 in
933 1681 1036 1765 specie
1065 1678 1233 1763 peregrini
1255 1681 1283 1739 et

135 1787 342 1872 loquentibus
365 1787 403 1852 ud
427 1786 561 1851 invicem
585 1787 623 1850 de
646 1786 718 1866 hiis,
742 1810 803 1871 que
819 1787 999 1852 acciderunt
1021 1785 1086 1848 hiis
1109 1784 1233 1863 diebus,
1255 1788 1282 1846 et

135 1915 198 1958 uon
222 1897 441 1976 cognorerunt
463 1913 551 1970 sum,
585 1895 618 1955 et
640 1891 722 1955 dixit
745 1892 783 1954 ad
808 1891 897 1956 illos:
933 1890 1012 1965 »Qui
1034 1894 1112 1953 sunt
1144 1888 1193 1951 bii
1223 1909 1281 1950 ser·

135 2019 254 2077 mones,
280 2018 359 2082 qnos
381 1995 534 2061 confertis
557 1997 595 2060 sd
619 1996 756 2061 invicem
778 2007 810 2059 et
832 1998 908 2060 estis
931 1996 1039 2059 tristes
1048 1998 1083 2058 l«
1134 1993 1177 2056 Et
1201 1993 1279 2056 dixe-

136 2106 228 2168 runt:
253 2101 319 2166 »De
336 2100 440 2180 Ihesu,
464 2101 518 2186 qui
540 2106 608 2165 erut
622 2100 780 2184 propheta
795 2104 908 2184 potens
931 2100 963 2163 in
980 2121 1077 2183 opere
1094 2103 1128 2162 et
1143 2118 1280 2162 sermone

138 2229 243 2273 corsru
267 2206 325 2271 deo
349 2209 381 2269 et
395 2204 587 2270 bominibus.
632 2204 674 2268 Et
695 2205 797 2269 nostri
812 2206 927 2269 summi
942 2204 1106 2288 principes
1129 2208 1162 2266 et
1187 2223 1279 2266 escer-

136 2312 226 2377 dotes
242 2310 443 2375 tradiderunt
465 2331 538 2374 enm
560 2309 594 2372 in
612 2315 747 2372 mortem
769 2314 803 2372 et
817 2309 1046 2373 crucifixerunt
1067 2331 1153 2386 enm,
1178 2312 1212 2371 et
1232 2326 1278 2370 nos

136 2416 351 2501 sperabumns,
375 2415 459 2499 quod
482 2418 565 2479 esset
586 2415 809 2497 redempturus
831 2413 961 2478 lsrael«
1007 2412 1100 2477 Tunc
1123 2414 1207 2476 dixit
1229 2411 1278 2473 eis:

140 2518 186 2586 »0
208 2520 300 2585 stulti
325 2525 358 2584 et
378 2519 464 2583 turdi
486 2519 580 2584 corde
604 2519 644 2583 ud
666 2520 872 2582 credendum!
902 2517 1017 2582 Nonne
1038 2519 1211 2601 opportuit
1231 2519 1278 2580 hec

137 2622 301 2690 Christum
322 2624 391 2708 peti
419 2628 452 2688 et
474 2624 520 2688 sic
542 2624 677 2687 introire
700 2644 835 2706 regnum
859 2626 995 2686 suum?‹
1043 2622 1086 2686 Et
1109 2622 1155 2687 sic
1178 2623 1276 2686 umbu-

136 2729 280 2795 lsutibns
300 2734 333 2793 et
355 2727 611 2813 colloquentibus
632 2735 849 2811 pervenerunt
870 2729 909 2792 sd
932 2731 1060 2811 porum
1081 2727 1227 2806 castelle,
1252 2729 1277 2788 et

137 2834 233 2901 linxit
254 2856 288 2898 ss
303 2832 416 2897 lbesus
436 2832 565 2918 longius
587 2833 644 2912 ire,
666 2833 728 2916 ipsi
745 2855 819 2897 vero
840 2839 1014 2916 coegerunt
1036 2855 1121 2911 eum,
1145 2833 1167 2896 i.
1183 2855 1210 2896 e.
1231 2832 1276 2894 ob

137 2940 213 3005 nixs
227 2942 423 3023 rogauerunt
438 2959 510 3003 cnm
527 2937 634 3001 uerbis
648 2938 793 3002 mutatis
807 2938 966 3002 dieentes:
990 2935 1108 3000 »blane
1124 2937 1276 3001 nobiscum

138 3044 283 3111 domine!
306 3043 457 3129 quonism
479 3043 713 3127 advesperascit
735 3050 769 3106 et
783 3042 938 3107 inclinata
960 3047 1010 3106 est
1023 3042 1089 3105 ism
1104 3042 1201 3106 dies«
1243 3040 1276 3104 Et

138 3150 273 3215 intrarit
302 3147 485 3225 cumillis,
519 3151 553 3211 et
574 3147 793 3212 discumbente
824 3148 865 3212 ed
886 3169 996 3211 cenam
1019 3148 1145 3231 accepit
1166 3167 1276 3231 panem,

139 3252 302 3319 benedixit
323 3258 357 3318 et
378 3253 480 3338 fregit
501 3257 533 3318 et
555 3254 742 3338 porrigebat
763 3255 840 3318 illis
886 3253 929 3318 Et
949 3254 1063 3318 stetim
1087 3256 1192 3338 aperti
1214 3255 1276 3317 suut

138 3357 223 3425 oorrli
239 3379 350 3424 corum
373 3364 406 3423 et
419 3365 639 3442 cognorerunt
662 3382 736 3424 enm
758 3360 791 3423 in
807 3359 965 3424 fractione
983 3360 1089 3442 penis,
1113 3361 1189 3444 quis
1203 3360 1276 3422 fran-

139 3463 235 3548 gelnt
259 3485 373 3547 lunens
395 3484 433 3528 sc
454 3464 482 3527 si
504 3484 578 3528 eum
597 3463 728 3528 cultello
743 3465 943 3528 scinderetur
957 3463 980 3528 ¹.
1025 3463 1068 3526 Et
1090 3465 1161 3546 ipse
1182 3463 1277 3526 statim

140 3568 271 3633 srmuit
303 3588 342 3631 ex
373 3566 475 3631 oeulis
497 3589 616 3634 eornm
662 3567 704 3630 Et
725 3569 875 3631 dixerunt
904 3567 1121 3632 adinvicem:
1158 3568 1277 3632 >Nonne

141 3694 197 3739 cnr
218 3676 364 3737 sistrum
386 3672 501 3735 ndens
521 3678 590 3736 urst
613 3672 646 3735 iu
669 3673 771 3739 nobis.
793 3673 869 3736 dnm
890 3672 1080 3756 loqueretur
1103 3674 1151 3756 [p.
1175 3673 1230 3759 56]
1250 3673 1276 3734 in

139 3781 193 3844 ris
213 3784 246 3843 st
261 3776 424 3861 sppnrirct
440 3777 533 3841 nubis
546 3777 764 3860 scripturus&
812 3777 855 3841 Et
875 3777 945 3861 ipss
959 3776 1042 3841 bora
1056 3781 1193 3862 regressi
1215 3779 1277 3841 sunt

704 3902 726 3937 ff

141 3984 296 4041 sumus
322 3983 361 4039 eu
376 3982 553 4054 runnu«
578 3984 644 4042 nn
661 3985 675 4039 1
691 3985 755 4040 sm
791 3987 869 4040 nnn
885 3985 1067 4042 usum
1093 3989 1220 4044 'mun
1242 3985 1277 4038 nu

141 4071 251 4128 uem
273 4071 372 4143 stus
389 4071 478 4126 suu
497 4071 593 4126 uns
609 4069 660 4134 rr,
676 4073 731 4126 ns
747 4070 777 4124 r

214 4160 227 4213 r
248 4158 353 4215 unu
374 4158 506 4215 trun«
529 4158 607 4215 esse
623 4158 722 4213 suns
739 4159 911 4215 surm
926 4159 1086 4230 manag
1101 4163 1169 4225 uss,
1187 4162 1277 4218 sonu

142 4244 189 4300 su
206 4244 285 4301 susc
304 4246 407 4302 use.
442 4245 524 4301 ssu
546 4246 598 4302 ur
614 4247 827 4317 mnus».
845 4247 957 4302 usur
973 4247 1026 4302 ru
1043 4249 1126 4304 num
1143 4249 1278 4316 theologos

146 4330 304 4388 umus
321 4333 482 4404 ruse-ses
498 4334 650 4390 nsua·
667 4352 707 4389 u
723 4334 972 4397 ssu-usses.
987 4331 1279 4392 manuum·

146 4416 267 4476 rusu-
285 4418 336 4475 uu
352 4420 448 4493 jeu
466 4421 513 4479 re
528 4421 580 4478 se
596 4421 666 4478 ss:
682 4421 733 4477 ss
748 4421 952 4478 nar-sn
968 4423 1069 4479 uns.
