2842 5070
682 329 724 393 24

130 514 269 592 pestem«
289 507 309 573 ¹.
355 508 396 571 Et
419 508 478 571 hoc
501 505 593 569 nobis
616 505 679 567 luit
702 506 790 588 prius
814 504 932 568 dictum
965 501 996 563 in
1021 500 1150 564 Verona
1174 523 1193 562 a
1216 501 1277 564 fra-

131 614 251 693 tribus,
275 613 329 696 qui
355 613 582 677 consuluerunt
604 610 697 674 nobis
730 610 777 672 ire
799 632 856 692 per
878 609 981 672 lacurn
995 604 1018 686 ²,
1049 606 1074 668 si
1109 626 1279 688 possemus,

132 723 163 783 et
185 720 305 782 intrare
326 722 517 782 conventum
541 715 678 779 alterum
702 718 793 778 extra
808 714 970 778 civitatem
991 712 1029 776 ad
1051 715 1196 775 sanctam
1214 710 1278 774 Ma-

132 826 210 889 riam
235 825 273 888 de
296 823 420 906 gratiis.
466 822 507 886 nt
530 821 608 886 licet
630 822 843 885 laboravimus
867 821 1032 904 precibus,
1056 839 1150 882 nemo
1174 821 1280 882 tamen

132 930 232 1014 voluit
256 949 313 992 nos
336 928 448 991 ducere
472 927 539 990 siue
563 928 668 1009 pretio
701 949 758 1009 per
780 949 905 1012 aquam.
953 925 993 989 Et
1022 946 1094 988 cum
1125 924 1192 987 iam
1214 945 1281 987 sero

132 1037 255 1100 factum
272 1037 363 1113 essct,
387 1038 419 1097 et
442 1037 516 1096 ante
539 1055 596 1096 nos
613 1033 725 1096 civitas
750 1036 781 1096 et
804 1032 836 1095 in
853 1031 1006 1096 ambobus
1021 1028 1178 1092 lateribus
1193 1048 1281 1110 mag·

133 1163 192 1205 nus
215 1141 312 1215 lacus,
338 1142 371 1202 et
393 1161 412 1202 a
434 1138 531 1221 longe
554 1139 644 1202 valde
668 1143 754 1202 retro
777 1137 960 1221 villegium,
991 1140 1023 1200 et
1045 1157 1110 1199 non
1133 1134 1283 1218 apparuit

134 1247 243 1330 aliqua
265 1246 385 1322 domne,
410 1267 469 1309 nec
491 1248 674 1327 poteramus
696 1243 784 1327 loqui
808 1241 935 1328 ytaliae,
959 1241 1028 1306 veni
1056 1241 1090 1303 in
1112 1240 1282 1304 maximam

69 1421 73 1429 ,
135 1351 317 1434 angustiam
343 1349 455 1428 cordis,
480 1349 622 1413 nesciens
644 1349 789 1428 omnino,
825 1371 887 1432 quo
910 1370 961 1411 me
982 1350 1106 1412 vertere
1128 1347 1283 1425 deberem,

134 1477 258 1522 merens
280 1455 494 1534 ambulabam,
518 1458 682 1533 necerat,
706 1455 762 1538 qui
785 1454 961 1519 consolaret
992 1474 1052 1517 me.
1100 1451 1124 1514 Α
1131 1451 1283 1535 ppropin-

137 1561 308 1646 quantibus
331 1560 424 1624 nobis
447 1561 550 1643 prime
573 1564 665 1643 porte
688 1560 836 1638 civitatis,
859 1559 924 1624 vidi
947 1581 966 1622 a
987 1558 1082 1641 longe
1098 1557 1209 1639 plures
1231 1579 1285 1619 no·

135 1666 215 1730 biles
239 1661 442 1728 daciatores³
466 1665 511 1728 ibi
535 1664 661 1743 sedere,
685 1666 903 1747 exspectantes
928 1662 1144 1745 ingredientes
1168 1661 1284 1724 exami-

137 1792 213 1835 nare
236 1771 274 1834 de
298 1791 407 1833 eorum
429 1769 480 1832 via
511 1773 543 1832 et
564 1770 711 1853 negotiis.
757 1767 842 1844 Quos
864 1768 940 1832 dum
962 1767 1036 1846 vidi,
1060 1788 1161 1831 novus
1184 1789 1287 1830 meror

137 1881 169 1941 et
191 1876 293 1940 maior
317 1875 407 1939 dolor
430 1875 547 1938 invasit
569 1898 629 1954 me,
653 1875 785 1940 reddens
807 1897 858 1938 me
881 1874 1008 1957 penitus
1024 1873 1230 1954 desperatum
1252 1872 1287 1934 de

140 1984 284 2066 ingressu
302 1979 450 2044 civitatis.
498 1980 540 2043 Et
563 1980 608 2044 sic
623 1979 742 2058 resilui,
766 1983 853 2044 stans
876 1980 909 2043 in
930 1977 1087 2062 angustiis
1104 1980 1136 2040 et
1150 1976 1287 2039 tribula-

137 2086 279 2150 tionibus
312 2088 344 2148 et
366 2083 510 2167 privatus
539 2085 626 2148 omni
659 2083 797 2148 humana
820 2083 1033 2148 consolatione
1065 2085 1097 2144 et
1120 2081 1289 2145 adiutorio.

138 2191 281 2255 Tandem
298 2190 439 2254 converti
462 2211 513 2254 me
536 2190 573 2252 ad
592 2189 764 2272 gloriosam
778 2189 937 2273 virginem
949 2188 1084 2252 Mariam
1107 2190 1141 2251 et
1164 2188 1205 2250 ad
1222 2185 1289 2249 dul·

138 2295 300 2358 cissimum
323 2291 462 2371 ihesum,
485 2292 589 2357 filiurn
612 2294 679 2357 eius
701 2293 913 2376 unigenitum,
937 2315 1051 2379 eosque
1067 2292 1215 2356 invocavi
1238 2292 1289 2356 de·

139 2403 214 2465 vota
241 2401 348 2462 mente
381 2401 413 2462 et
435 2397 608 2482 gemitibus
630 2398 743 2476 cordis,
776 2399 988 2482 inquantum
1020 2397 1131 2481 potui,
1167 2397 1290 2461 dicens:

142 2503 188 2568 »Ο
211 2502 329 2566 Maria!
362 2505 463 2565 mater
485 2500 588 2565 omnis
611 2492 731 2583 gratie,
756 2502 896 2565 adiutrix
919 2503 1061 2567 omnium
1084 2502 1290 2566 existentium

140 2611 173 2672 in
190 2607 413 2672 tribulatione!
437 2628 611 2670 memorare
626 2606 779 2688 piissima,
804 2629 865 2670 non
891 2628 956 2671 esse
972 2607 1117 2671 auditum
1140 2630 1160 2670 a
1176 2608 1291 2686 seculo,

142 2736 332 2800 quemquam
362 2713 400 2776 ad
429 2717 486 2776 tua
507 2716 688 2777 currentem
710 2713 864 2797 suffragia
893 2736 911 2777 a
939 2716 971 2776 te
1002 2733 1069 2777 esse
1092 2711 1290 2776 derelictum.

141 2821 213 2884 Tali
236 2821 394 2884 animatus
417 2818 608 2882 confidentia
630 2819 668 2882 ad
696 2822 729 2882 te
750 2840 843 2883 curro
866 2822 898 2882 et
921 2840 1026 2882 coram
1049 2821 1082 2882 tc
1104 2838 1238 2901 gemens
1261 2822 1292 2883 et

714 2945 733 2980 a

214 3013 227 3065 l
248 3010 298 3064 Dia
317 3011 379 3079 pest
397 3008 551 3079 grassierte
569 3009 680 3063 damals
698 3010 728 3063 in
740 3009 916 3065 Oberitalien
935 3009 1094 3080 (besonders
1113 3008 1141 3062 in
1153 3006 1293 3078 Venedigl

142 3101 201 3154 fast
220 3090 472 3160 ununterbrochen,
499 3115 553 3151 nur
572 3096 629 3152 liell
648 3099 688 3153 sic
705 3098 751 3153 hie
770 3098 827 3152 und
846 3098 883 3152 da
903 3117 940 3152 an
959 3096 1110 3166 bcftigkeit
1130 3097 1220 3160 nach;
1248 3113 1292 3166 ge-

144 3187 212 3240 rade
231 3186 260 3240 in
280 3185 325 3240 die
344 3185 405 3250 neit,
425 3184 529 3239 welche
547 3203 629 3241 unser
641 3186 885 3241 berichterstatter
902 3185 967 3242 dort
984 3183 1143 3248 subrachta
1163 3184 1233 3238 falle
1250 3182 1293 3237 ein

144 3275 251 3330 solcher
269 3274 424 3343 riickgang.
461 3273 531 3327 Dass
560 3275 600 3330 sie
627 3275 694 3328 aber
712 3273 792 3328 nicht
811 3274 961 3338 erloschen,
989 3272 1047 3325 und
1065 3272 1110 3325 die
1128 3272 1227 3325 furcht
1246 3288 1294 3326 vor

144 3362 189 3414 ihr
207 3361 265 3414 und
284 3360 329 3415 die
342 3361 644 3431 vorsichtsmallregeln
657 3379 747 3432 gagen
765 3363 825 3416 ibre
837 3361 1020 3430 verbreitung
1038 3357 1108 3430 groll
1129 3376 1235 3424 waren,
1254 3375 1294 3413 er·

145 3449 217 3503 bellt
236 3467 286 3503 aus
304 3465 432 3503 anserem
450 3450 566 3505 bericht.
603 3451 673 3505 Sebr
691 3450 786 3521 heftig
804 3467 862 3504 war
881 3450 929 3504 sie‘
941 3449 1009 3504 1478
1027 3447 1217 3516 ausgetreten,
1237 3445 1293 3499 und

148 3536 198 3590 der
216 3535 468 3605 reisegesellechaft
486 3538 607 3596 Tuchers
632 3539 728 3594 wollte
753 3555 820 3592 man
847 3537 887 3590 im
905 3535 1055 3606 folgenden
1071 3533 1154 3604 jahre
1180 3533 1232 3587 das
1251 3533 1297 3586 be·

147 3624 240 3676 treten
258 3623 308 3677 der
327 3622 406 3677 stadt
424 3623 496 3677 Zara
516 3627 676 3680 verwehren
697 3624 760 3679 »de's
780 3624 893 3679 sterben
911 3623 980 3677 halb
998 3622 1028 3676 in
1040 3620 1194 3691 Venedig‹.
1223 3621 1296 3674 R‘oh·

147 3710 375 3774 richt·Meissner,
395 3712 451 3764 Dae
469 3712 610 3767 reisebuch
629 3712 679 3767 der
698 3711 806 3767 familie
824 3711 927 3767 Rieter.
965 3711 1119 3779 stuttgart.
1148 3707 1221 3763 Litt.
1240 3726 1296 3764 ver.

148 3797 224 3852 1884.
260 3796 324 3867 Vgl.
351 3797 470 3864 Tucher‚
500 3799 610 3868 Reyllb.
629 3801 688 3856 350.
734 3799 813 3855 Noch
840 3799 962 3868 beftiger
989 3799 1049 3851 trat
1076 3796 1116 3850 sie
1144 3798 1216 3851 1484
1240 3796 1296 3850 anf.

150 3883 220 3940 ›Ncl
241 3886 308 3939 1484
327 3885 357 3938 la
375 3886 446 3940 citta
465 3903 514 3941 era
532 3886 613 3956 quasi
632 3887 760 3949 deserta,
788 3887 817 3940 la
835 3887 914 3955 peste
936 3885 967 3938 fu
987 3883 1060 3938 assai
1079 3884 1148 3937 fiera
1166 3901 1218 3952 per
1237 3886 1298 3940 otto

147 3971 215 4026 mesi
230 3974 258 4025 et
271 3971 410 4028 morirono
424 3973 457 4028 30
465 3972 534 4027 mila
546 3973 710 4029 individui«
735 3972 876 4042 Federigo‚
890 3971 1088 4041 Tcpcgraphia
1100 3968 1299 4026 fisicomedica

148 4058 225 4114 della
244 4059 315 4114 cina
333 4058 378 4113 die
396 4060 525 4116 Venezia.
565 4061 680 4116 Padova
700 4062 775 4116 1831.
804 4061 853 4126 ΙΙΙ,
874 4061 914 4114 ll.
1031 4059 1121 4113 2Dar
1135 4057 1239 4114 Mincio
1257 4075 1299 4114 er·

148 4146 259 4201 weitert
277 4147 335 4202 sich
353 4148 398 4203 bei
418 4149 536 4203 Mantua
560 4167 595 4202 zu
613 4149 689 4204 einer
714 4151 761 4203 art
784 4166 828 4203 see
851 4147 908 4202 und
930 4148 1010 4202 fiihrt
1029 4147 1100 4202 auch
1122 4147 1177 4202 den
1196 4165 1298 4203 namen

150 4234 257 4305 »laga«,
294 4237 347 4292 nin
360 4257 408 4292 um
422 4240 473 4293 dae
494 4239 629 4310 lljabrh.
644 4238 841 4308 aufgefr'ibrter
853 4238 955 4302 damm‚
976 4235 1074 4306 argine
1087 4236 1206 4301 mulino,
1226 4237 1300 4291 aieht

150 4323 207 4377 sich
227 4325 362 4380 zwischcn
381 4327 444 4382 dem
463 4328 529 4397 lago
542 4327 682 4396 superiore
701 4325 759 4379 und
777 4326 840 4381 dem
859 4327 926 4395 lago
944 4325 989 4380 die
1008 4341 1108 4388 mezzo,
1127 4323 1174 4378 ein
1187 4325 1301 4379 aweiter

153 4411 248 4464 damm
263 4413 398 4468 zwischen
411 4403 513 4472 diesem
527 4413 585 4470 und
598 4415 659 4471 dem
672 4414 739 4485 lago
753 4415 884 4470 inferiore
902 4413 960 4470 bin.
1032 4414 1048 4466 3
1068 4411 1301 4468 Zolleinnehmer.
