2842 5070
672 343 737 408 204

132 517 169 581 de
193 538 256 600 qua
277 516 429 596 famatur,
454 518 536 601 quod
561 518 696 601 quodam
720 522 862 601 tempore
885 517 1001 582 fratres
1032 517 1066 581 in
1089 517 1272 581 monasterio

132 627 240 685 sancte
257 621 434 686 Katherine
457 622 588 687 fuerunt
610 623 706 687 nimis
728 623 873 687 infestati
896 647 914 687 a
938 623 1140 706 serpentibus
1164 626 1195 686 et
1211 622 1273 685 aliis

129 727 294 792 venenosis
315 728 475 793 vermibus
498 729 531 792 in
554 733 697 808 tantum,
733 729 815 812 quod
847 750 955 793 omnes
991 727 1087 792 simul
1111 726 1275 792 voluerunt

107 877 109 881 -
133 833 274 896 deserere
289 834 535 910 monasterium
552 840 692 900 attamen
714 837 920 900 decreverunt
936 834 1024 917 prius
1040 835 1172 898 visitare
1189 832 1275 896 simul

131 957 239 1001 omnes
262 940 403 1002 montem
425 936 532 1023 Synai.
580 939 620 1003 llt
652 941 727 1004 dum
749 944 904 1004 venerunt
926 961 986 1023 per
1006 939 1126 1004 clivum
1149 939 1189 1002 ad
1212 959 1276 1020 pre

132 1041 251 1105 dietum
275 1041 398 1122 locum,
433 1044 584 1127 apparuit
616 1043 661 1108 eis
696 1045 789 1110 beata
812 1045 903 1129 virgo
927 1043 1030 1110 Maria
1052 1044 1177 1108 dicens:
1215 1040 1276 1105 »Ne

132 1147 286 1211 recedatis
309 1170 328 1210 a
351 1147 439 1213 loco!
473 1149 611 1232 amplius
636 1151 719 1214 enim
744 1150 867 1215 nullam
889 1150 1067 1215 molestiam
1090 1146 1243 1232 patimini
1263 1169 1277 1208 a

131 1252 321 1316 vermibus«
371 1251 413 1317 Et
435 1252 479 1317 sic
495 1257 693 1318 recesserunt
715 1275 823 1318 omnes
839 1275 961 1318 vermes
976 1250 1136 1331 venenosi,
1161 1255 1195 1315 et
1217 1273 1274 1314 am·

134 1357 219 1441 plius
242 1379 305 1422 non
322 1359 473 1442 apparuit
488 1358 605 1442 aliquis
621 1380 721 1442 usque
744 1359 777 1423 in
793 1358 983 1424 hodiernum
998 1357 1091 1435 diem,
1116 1357 1201 1420 sicut
1223 1355 1275 1439 ipsi

133 1463 251 1527 dieunt.
297 1461 339 1525 Et
361 1462 405 1526 sie
427 1467 613 1527 manserunt
635 1463 769 1543 fratres,
802 1466 834 1528 et
864 1463 1092 1527 edificaverunt
1114 1460 1148 1524 in
1174 1461 1273 1524 eodem

133 1568 202 1633 loeo
224 1566 389 1651 capellam,
414 1590 475 1651 qne
498 1567 591 1632 hodie
613 1572 687 1648 stat,
712 1571 744 1633 et
766 1571 842 1633 sunt
857 1566 1057 1652 indulgentie
1080 1570 1205 1648 septem
1227 1587 1272 1628 an-

133 1695 248 1737 norum
279 1677 311 1737 et
345 1672 479 1737 totidem
510 1693 696 1736 earenarum
712 1671 732 1736 ¹.
780 1671 916 1736 Demum
948 1670 1146 1735 ascendimus
1177 1689 1272 1732 versus

134 1779 277 1843 dextram
299 1799 439 1856 manum,
463 1780 496 1841 et
518 1777 627 1840 statim
643 1776 794 1859 apparuit
816 1777 907 1841 nobis
931 1798 993 1841 una
1008 1778 1114 1859 porta,
1138 1778 1171 1838 et
1194 1773 1271 1836 iuxta

134 1881 223 1946 illam
245 1881 329 1947 faeta
351 1885 427 1946 sunt
449 1880 552 1946 multa
574 1882 744 1961 miracula,
777 1883 831 1946 sed
854 1904 915 1966 que
937 1880 1085 1960 fuerunt,
1122 1901 1186 1943 non
1208 1882 1269 1942 sunt

135 1987 226 2051 nobis
249 2008 396 2071 expressa
411 1986 432 2050 ².
478 1985 616 2051 Demum
637 1987 835 2051 ascendimus
858 1987 977 2050 iterum
999 1985 1090 2050 ultra
1108 2006 1217 2049 versus
1236 1983 1268 2045 si·

136 2092 269 2156 nistram
292 2114 439 2172 manum,
474 2096 506 2156 at
528 2093 672 2157 venimus
703 2093 741 2158 ad
763 2093 865 2158 altum
890 2093 1017 2156 clivum.
1063 2091 1108 2154 Et
1130 2112 1200 2156 ecce
1221 2089 1268 2152 alia

137 2202 230 2278 porta
253 2197 413 2280 apparuit,
437 2219 532 2280 quam
555 2197 652 2261 etiam
676 2197 880 2262 transivimus
902 2218 974 2261 cnm
997 2197 1118 2275 salute,
1142 2200 1175 2259 et
1197 2193 1266 2258 veni·

137 2322 207 2365 mus
228 2303 266 2366 ad
284 2325 378 2366 unam
393 2302 572 2386 planitiem,
595 2303 628 2366 in
650 2325 713 2386 qua
728 2302 954 2367 declinavimus
977 2303 1016 2366 ad
1031 2300 1195 2364 sinistram
1217 2320 1266 2362 ma·

137 2429 223 2473 num.
269 2407 310 2471 Et
342 2408 386 2471 ibi
411 2408 526 2492 incipit
554 2430 644 2473 mons
667 2406 750 2472 Oreb
765 2407 789 2488 ³,
824 2409 857 2470 in
881 2409 969 2473 cuius
1002 2407 1083 2490 pede
1118 2411 1166 2470 est
1189 2406 1265 2478 locus,

138 2512 194 2576 ubi
216 2513 313 2576 latuit
335 2518 463 2578 sanctus
485 2513 644 2597 propheta
667 2513 786 2594 Helias,
809 2514 937 2598 quando
960 2511 1140 2577 ambulavit
1162 2511 1195 2574 in
1215 2507 1264 2572 for·

137 2617 275 2682 titudine
298 2618 361 2682 cibi
384 2618 472 2682 illius
494 2639 594 2702 usqne
616 2619 655 2683 ad
679 2623 822 2683 montem
843 2617 944 2697 Oreb,
973 2621 1005 2680 et
1026 2616 1072 2680 ibi
1096 2616 1264 2698 pascebatur

137 2745 156 2786 a
178 2744 271 2787 corvo
284 2722 306 2788 ⁴.
352 2723 395 2786 Et
416 2725 492 2786 sunt
514 2725 606 2787 modo
635 2723 680 2787 ibi
703 2727 768 2787 ires
790 2721 910 2806 capelle
934 2721 1030 2786 simul
1052 2722 1224 2796 coniuncte,
1242 2718 1264 2778 et

138 2832 186 2892 est
208 2828 362 2892 transitus
385 2828 423 2892 de
444 2849 508 2892 una
531 2828 569 2892 ad
592 2828 698 2893 aliam.
744 2827 853 2890 Prima
875 2827 998 2910 capella
1020 2831 1068 2890 est
1090 2832 1198 2891 sancte
1213 2822 1262 2886 lla·

704 2950 721 2980 e

210 3022 224 3074 1
243 3018 351 3075 Bereits
370 3018 437 3073 Lnd.
457 3036 484 3075 v.
497 3019 584 3074 Sudh.
601 3021 634 3074 67
654 3019 783 3074 erwahnt
800 3018 876 3074 diese
893 3034 961 3087 sage
979 3017 1048 3072 aber
1065 3017 1149 3072 keine
1166 3012 1262 3085 kepelle.

139 3109 224 3163 Fabri
244 3109 278 3170 11,
295 3109 348 3164 453
367 3107 419 3163 wie
433 3107 570 3163 Walther.
607 3107 688 3161 Nach
706 3106 798 3161 Ghist.
809 3106 862 3159 223
880 3105 995 3159 wurden
1013 3104 1059 3159 die
1078 3104 1181 3158 brfider
1198 3098 1263 3156 aulier

138 3215 194 3252 von
216 3195 371 3265 ›Slaugen‹
398 3196 470 3251 auch
498 3196 569 3251 noch
588 3213 643 3251 von
660 3195 784 3250 anderen
803 3193 995 3263 ›Feninighen
1019 3193 1149 3255 beesten,
1170 3191 1263 3256 vloyen.

138 3285 269 3347 Messian,
280 3284 400 3353 Vliegen
408 3284 479 3338 ende
489 3284 598 3338 Lmen«
610 3283 755 3350 belaatigt.
782 3280 982 3337 Dienamliehe
998 3297 1065 3350 sege
1081 3280 1192 3352 bestebt
1200 3277 1263 3329 beate

138 3373 217 3428 noch.
237 3371 321 3429 Baed.
333 3373 394 3427 525.
445 3372 462 3424 2
475 3371 560 3426 Fabri
571 3372 605 3434 ΙΙ,
615 3374 668 3426 454
681 3370 737 3424 und
750 3370 854 3425 andare
864 3370 956 3439 pilger
969 3367 1111 3432 erzahleu,
1124 3367 1187 3421 dass
1197 3359 1264 3418 durch

139 3462 228 3515 dieses
245 3461 312 3517 thor
330 3460 396 3515 kein
414 3459 486 3514 Jude
504 3460 594 3529 gehen
612 3459 714 3515 kenne.
795 3459 812 3512 3
831 3458 881 3510 Die
900 3460 988 3511 etwas
1006 3455 1176 3510 sonderbare
1192 3452 1265 3505 unter-

139 3548 293 3616 scheidung
319 3547 455 3602 awischen
482 3548 545 3602 dem
571 3547 655 3615 berge
674 3546 767 3601 Horeb
794 3545 851 3599 und
871 3543 965 3606 Sinai,
991 3544 1038 3596 fur
1056 3543 1160 3597 welche
1185 3539 1223 3593 die
1237 3534 1264 3588 hl.

139 3636 240 3692 schrilt
258 3636 360 3691 keinen
379 3635 585 3705 anhaltspnnkt
603 3635 707 3697 bietet,
727 3636 847 3688 ctammt
865 3650 920 3688 von
947 3632 1003 3686 den
1023 3631 1149 3684 Arabern
1168 3627 1217 3682 und
1234 3625 1264 3676 be

140 3725 217 3778 stelit
244 3724 315 3778 nach
333 3724 435 3788 Grata,
460 3722 590 3794 Schsupl.
611 3725 659 3779 131
679 3723 764 3777 beuta
783 3722 861 3777 noch.
898 3719 978 3774 Nach
995 3717 1083 3772 Fabri
1101 3717 1136 3782 II,
1153 3719 1201 3771 455
1216 3708 1264 3766 hiel

140 3813 190 3867 aar
208 3817 308 3866 unua
326 3811 377 3866 ten
396 3812 444 3866 aa
461 3812 560 3881 berges
578 3813 620 3866 aa
640 3829 690 3865 zur
709 3809 899 3878 anasapeno
916 3806 1005 3871 sins,
1023 3792 1075 3860 ἀεὶ
1093 3805 1175 3860 osae
1186 3798 1263 3856 noro.

141 3904 186 3954 An
198 3917 312 3954 nnscrer
325 3899 407 3954 stelle
424 3903 491 3968 aagt
503 3899 634 3953 Waltber
646 3899 756 3962 ebenso,
775 3897 871 3952 waiter
883 3898 971 3948 unten
984 3895 1053 3948 aber
1074 3893 1126 3946 das
1138 3883 1264 3961 gegentail

140 3993 157 4042 4
186 3989 264 4044 Anah
282 3987 368 4042 Fabri
385 3988 420 4051 11,
439 3989 491 4044 456
518 3988 576 4041 und
595 3987 678 4041 Harii
695 3988 746 4040 las
764 3985 896 4051 verlegen
922 3982 969 4036 die
986 3981 1120 4050 speisnng
1146 3979 1192 4033 des
1208 3973 1264 4027 lllil⁸

143 4077 230 4130 durch
250 4077 332 4131 einen
350 4077 437 4131 raben
454 4077 558 4139 hicher,
575 4076 698 4131 obschcn
716 4075 756 4129 sie
774 4073 847 4127 nach
864 4071 905 4124 ΠΙ
919 4069 988 4138 Bag.
1008 4070 1118 4132 1‘1‚4.6
1137 4084 1182 4121 am
1199 4060 1264 4117 bache

141 4163 239 4216 liarith
258 4162 409 4217 stattfand.
445 4162 574 4230 Conrady
595 4163 646 4215 164
664 4178 739 4215 anm.
758 4161 808 4214 531
827 4156 950 4227 glanbt,
972 4156 1038 4210 dass
1066 4154 1128 4208 hier
1151 4155 1206 4209 eine
1221 4164 1263 4201 ver·

143 4251 302 4317 ucchslnng
325 4250 378 4304 mit
392 4251 473 4319 jener
490 4266 557 4318 sege
574 4247 756 4309 stattfindet,
774 4245 846 4299 nach
865 4243 983 4297 welcher
1000 4241 1108 4296 leuben
1127 4239 1182 4294 und
1197 4236 1263 4290 rabel

143 4340 197 4391 den
216 4340 349 4392 menchen
369 4356 415 4392 am
434 4336 511 4392 Sinai
526 4336 650 4406 jahrlich
668 4335 772 4389 einmal
791 4331 878 4388 soviel
897 4329 1030 4397 olsvveige
1052 4329 1198 4388 bruchton,
1215 4324 1262 4376 dass

142 4426 182 4479 sia
200 4425 359 4480 sumenda
377 4426 413 4489 ol,
432 4425 530 4480 deesen
548 4424 587 4479 sie
606 4422 762 4483 bedurlten.
783 4420 887 4473 damus
905 4417 1057 4473 herstellen
1076 4416 1205 4471 konnten.
