2842 5070
682 337 724 406 20

132 520 249 584 festum
270 517 369 582 sancti
393 512 574 595 Francisci,
598 537 659 600 que
683 519 751 579 erat
774 516 793 580 5
816 515 881 578 dies
903 514 1020 578 mensis
1043 511 1209 595 Octobris,
1233 537 1279 581 re·

131 624 272 707 perimus
295 646 367 687 eum
389 624 422 685 in
439 621 602 705 provincia
624 642 715 700 nova,
739 643 800 705 que
816 620 953 704 amplius
969 623 1103 684 vocatur
1118 620 1281 704 provincia

132 728 238 793 Prixie
255 728 275 807 ¹,
299 729 333 792 in
357 727 460 790 insula
483 726 542 790 laci
560 725 679 790 Gercen
695 723 717 789 ².
765 725 805 789 nt
828 725 994 789 humiliter
1018 726 1207 790 reverentiis
1230 747 1279 789 ex·

131 833 243 898 hibitis
266 833 447 917 litterisque
463 832 653 916 presentatis
676 831 744 896 veni
769 832 807 896 ad
823 853 973 916 magnam
993 831 1190 894 anxietatem
1214 852 1278 894 cor·

131 938 195 1018 dis,
228 938 344 1002 timens
376 959 432 1002 nos
462 958 520 1020 per
543 958 614 1000 eum
638 936 779 999 limitare
800 937 838 1000 ad
862 936 1003 1020 aliquam
1025 936 1225 1019 provinciam
1248 956 1281 998 ac

130 1043 245 1123 locum,
268 1043 442 1128 rogavique
457 1042 620 1106 dominum
636 1041 757 1106 dicens:
785 1039 939 1105 »Domine
955 1039 1050 1104 lhesu
1066 1038 1206 1119 Christe,
1229 1041 1279 1123 qui

132 1147 295 1231 hucusque
317 1168 367 1211 me
390 1168 541 1231 prospere
564 1145 751 1230 perduxisti,
777 1149 808 1209 et
831 1146 926 1210 eorda
947 1145 1148 1228 prolatarum
1171 1146 1204 1208 in
1228 1148 1279 1207 tua

132 1275 229 1317 manu
251 1258 336 1317 sunt.
381 1251 535 1317 Illumina
557 1273 611 1316 cor
633 1251 747 1335 prelati
772 1251 845 1330 mei,
868 1256 904 1315 ut
927 1250 1008 1316 sciat
1029 1250 1135 1314 facere
1151 1272 1279 1327 mecum,

132 1380 193 1442 que
216 1361 270 1423 tue
292 1358 395 1440 lapdis
425 1361 501 1421 sunt
531 1362 563 1421 et
587 1378 656 1421 mee
679 1356 801 1421 salutis.
847 1355 920 1420 Tibi
945 1356 1029 1419 enim
1051 1359 1160 1419 totum
1183 1355 1278 1419 libere

133 1463 279 1546 resigno,
302 1467 335 1527 et
356 1463 412 1526 ubi
435 1463 483 1526 vis
505 1484 556 1526 me
579 1461 638 1525 tibi
662 1461 789 1540 servire,
815 1461 892 1524 illuc
914 1482 965 1524 me
986 1461 1119 1543 dispone
1144 1460 1276 1523 venire«

134 1567 174 1630 ut
190 1589 259 1632 ecce
275 1568 380 1651 gratia
403 1568 452 1631 dei
477 1567 876 1651 superhabundantissime,
901 1567 972 1650 plus
997 1588 1093 1651 quam
1117 1588 1179 1648 ego
1203 1566 1277 1629 desi·

133 1673 300 1751 dorassem,
317 1673 468 1756 apparuit
483 1673 515 1736 in
533 1673 667 1756 prelato.
714 1671 798 1737 Nam
814 1678 942 1756 sumpto
958 1672 1092 1755 prandio
1107 1672 1278 1735 meridiano

132 1779 256 1841 vocavit
278 1800 328 1841 me
351 1779 541 1842 reverendus
565 1783 657 1861 pater
688 1782 720 1842 et
743 1779 908 1863 alloquens
937 1777 1016 1841 mihi
1039 1779 1147 1860 primo
1176 1781 1214 1840 ut
1235 1777 1279 1840 leo

131 1884 208 1947 satis
231 1884 308 1947 dure
331 1883 364 1946 in
388 1881 446 1946 hec
469 1885 584 1948 verba:
620 1883 753 1948 >Frater
775 1884 834 1948 mi!
864 1883 1002 1947 multum
1023 1883 1175 1966 displicet
1205 1880 1278 1945 mihi

132 2008 257 2052 currere
271 1986 388 2052 fratres
403 1988 441 2051 ad
458 1989 564 2052 curias
580 1989 774 2072 principum,
790 1989 873 2053 sicut
889 1988 1037 2072 intelligo
1053 1989 1086 2051 in
1102 1993 1162 2051 tua
1177 1989 1279 2051 littera

131 2093 336 2177 apostolica«.
371 2092 511 2176 Recepta
526 2115 583 2158 sua
601 2082 779 2158 reverentia
794 2115 814 2156 a
828 2115 879 2156 me
894 2092 1032 2157 veridica
1044 2092 1278 2168 informatione,

135 2199 256 2282 quievit
279 2197 457 2282 indignatio
480 2219 535 2261 sue
558 2198 771 2281 paternitatis,
794 2200 826 2261 et
848 2197 950 2261 factus
973 2200 1021 2260 est
1039 2201 1226 2261 mansuetus
1247 2199 1278 2258 ut

132 2325 243 2389 agnus,
266 2304 434 2367 ostendens
456 2307 624 2387 paternam
643 2303 856 2368 dilectionem.
904 2302 945 2365 Et
960 2302 1087 2366 demum
1111 2302 1208 2366 retuli
1231 2323 1278 2364 sue

132 2408 340 2491 paternitati,
372 2408 528 2491 quomodo
551 2405 684 2471 fuissem
716 2408 748 2471 in
774 2409 862 2472 curia
884 2429 1015 2472 romana
1036 2411 1200 2490 tempore,
1222 2427 1278 2490 qno

133 2513 201 2596 ipse
235 2512 347 2576 fuisset
369 2512 603 2577 commissarius
634 2510 802 2596 generalis.
849 2511 890 2575 Et
924 2512 968 2574 sic
990 2512 1111 2576 notitia
1134 2516 1277 2576 renovata

131 2617 242 2681 statim
264 2617 396 2701 propria
418 2639 515 2681 manu
539 2615 708 2681 litteram³
742 2639 778 2681 ac
800 2617 908 2701 sigillo
931 2617 1089 2701 generalis
1111 2618 1276 2681 vicariatus

131 2723 278 2787 munivit.
324 2721 427 2787 Pauca
451 2723 547 2787 verba
570 2724 704 2790 uberum
726 2726 832 2786 tamen
857 2723 996 2806 gratiam
1019 2723 1188 2786 continens
1211 2743 1274 2786 cum

132 2827 313 2892 omnimoda
336 2827 490 2892 facultate
513 2831 546 2891 et
568 2828 733 2892 voluntate
757 2829 909 2907 intrandi,
933 2828 1088 2911 probandi
1115 2828 1154 2893 ed
1177 2827 1273 2891 standi

132 2934 170 2997 ad
193 2933 348 3016 placitum
371 2937 403 2997 et
418 2933 615 2997 voluntatem
637 2955 803 3018 meamque
819 2933 1018 2997 devotionem
1042 2933 1075 2997 in
1092 2953 1274 3018 quacunque

131 3039 296 3121 provincia
317 3041 364 3102 sui
390 3039 568 3118 vicariatus,
593 3061 649 3104 nec
672 3062 723 3103 me
746 3039 899 3103 limitavit
921 3040 960 3103 ad
985 3039 1128 3124 aliquam
1151 3038 1274 3122 provin·

133 3143 214 3207 eiam
245 3165 301 3208 seu
322 3148 513 3208 conventum
548 3166 605 3209 nec
627 3145 750 3225 locum,
782 3146 836 3208 scd
860 3142 1070 3229 generaliter,
1102 3145 1274 3228 ubicunque

104 3253 109 3262 '
132 3249 257 3330 vellem,
280 3251 420 3334 placeret
442 3251 513 3314 sibi.
560 3247 656 3313 Cuius
671 3249 780 3313 littere
796 3254 888 3313 tenor
904 3249 1049 3333 sequitur
1072 3253 1105 3313 et
1128 3255 1176 3315 est
1191 3251 1274 3314 talis:

136 3351 318 3445 ›Universis
349 3359 381 3419 et
411 3356 547 3438 singulis
579 3355 732 3419 fratribus
756 3357 917 3438 presentes
940 3353 1067 3418 litteras
1090 3355 1273 3438 inspecturis

132 3463 251 3543 pateat,
275 3462 431 3544 quomodo
447 3460 644 3543 presentium
662 3460 845 3543 portitores,
868 3459 970 3524 frater
986 3458 1105 3523 Paulus
1123 3459 1273 3525 Waltheri

133 3568 165 3627 et
180 3563 280 3629 frater
295 3565 457 3630 Johannes
472 3564 575 3644 Wild,
596 3566 716 3630 ordinis
732 3566 893 3629 minorum
915 3565 953 3628 de
976 3564 1189 3645 observantia,
1212 3585 1274 3629 oum

697 3715 717 3751 ὕ

204 3808 217 3860 l
239 3807 318 3862 Dieuc
336 3808 465 3877 provinz,
483 3809 568 3864 deren
586 3810 723 3880 richtiger
742 3827 825 3864 name
845 3808 939 3863 Brixia
957 3831 992 3856 =
1012 3808 1125 3864 Brescia
1141 3810 1195 3876 ist,
1213 3808 1274 3863 vird

133 3896 186 3949 mit
203 3895 281 3950 recht
301 3913 405 3951 ›nova‹
418 3902 554 3966 genannt,
573 3899 635 3952 weil
653 3898 692 3952 sie
709 3900 767 3952 erst
785 3897 824 3951 im
840 3897 923 3966 juhre
938 3898 1004 3951 1475
1024 3899 1077 3951 auf
1086 3897 1214 3967 drangen
1232 3897 1274 3951 dor

133 3983 303 4038 Venetianer
323 3983 379 4038 und
398 3984 710 4054 wegenawistiglreiten
723 3985 859 4039 awischcn
879 3983 933 4038 den
953 3985 1090 4039 mouchen
1109 3985 1140 4040 in
1155 3982 1274 4040 Mailand

133 4069 188 4122 und
207 4070 318 4126 Brescia
336 4070 470 4127 errichtet
487 4072 601 4128 worden
620 4090 686 4127 vvar.
721 4072 822 4127 Wadd.
842 4074 921 4127 Anu.
941 4071 1102 4138 xr11,402;
1130 4072 1204 4137 XIV,
1224 4071 1276 4126 126.

133 4157 149 4208 2
178 4158 462 4224 GerzenfiirGaraa,
482 4160 600 4215 wieder
619 4162 754 4215 scestatt
773 4160 869 4215 Garda
890 4157 1055 4214 auchhicss.
1092 4159 1145 4215 Die
1162 4160 1223 4214 hier
1240 4176 1276 4213 er·

134 4244 246 4299 valante
266 4247 336 4301 insel
355 4247 426 4317 liegt
439 4247 700 4318 halbmondfdrmig
718 4248 774 4302 und
794 4247 909 4302 lieblich
927 4247 957 4301 in
975 4247 1025 4302 der
1043 4247 1133 4301 buoht
1151 4266 1207 4304 von
1220 4246 1278 4301 Salo

133 4330 190 4384 und
209 4332 288 4387 heillt
306 4334 390 4389 hente
409 4336 479 4390 noch
498 4335 572 4391 lsola
590 4336 618 4389 di
638 4336 733 4390 Garda
758 4335 824 4391 oder
848 4334 893 4390 dei
922 4334 1017 4399 Frati,
1041 4334 1107 4389 weil
1133 4335 1179 4390 die
1198 4335 1279 4389 Mino·

134 4416 207 4471 riten
222 4419 285 4473 dort
297 4420 377 4475 einen
391 4423 453 4476 sehr
465 4423 584 4477 schonen
595 4425 718 4478 convent
730 4421 843 4477 hatten.
914 4423 931 4475 3
950 4421 1069 4492 Scripsit
1087 4441 1122 4476 zu
1137 4428 1279 4492 erganaen.
