2842 5070
673 356 738 424 200

132 532 198 596 vias
220 531 311 595 valde
334 530 521 607 indirectas,
549 530 617 614 jam
648 530 686 593 ad
721 530 877 594 orientem
911 553 994 598 nunc
1025 535 1064 598 ad
1088 533 1273 618 aquilonem,

129 637 196 720 jam
219 639 258 701 ad
281 636 477 701 occidentem
499 657 583 700 nunc
606 635 645 699 ad
668 640 830 714 austrum,
866 637 999 702 attacti
1022 644 1097 702 sunt
1120 639 1275 722 peregrini

133 742 269 805 multum
292 740 405 804 tediosi
428 745 664 804 murmurantes
688 743 719 804 et
742 740 947 823 suspicantes,
982 744 1065 826 quod
1087 742 1194 807 Mauri
1216 747 1275 807 stu·

132 847 218 910 diosc
234 867 288 909 eos
302 845 452 910 ducerent
469 845 502 908 in
519 845 643 909 deserto
661 844 681 910 ¹.
715 844 854 909 Tandem
869 848 1070 929 pervenimus
1085 852 1179 912 extra
1194 870 1275 911 mon·

132 956 180 1015 tes
202 951 286 1016 circa
308 949 419 1014 horam
441 949 578 1032 primam
601 951 640 1014 ad
656 970 803 1032 campum
816 951 908 1015 valde
936 973 1088 1035 magnum
1112 953 1275 1017 habentem

133 1056 166 1120 in
190 1055 353 1138 opposito,
386 1059 423 1118 ut
445 1055 608 1135 dicebant,
641 1058 781 1119 montem
805 1054 912 1140 Syriai.
958 1057 1001 1122 Et
1033 1059 1068 1120 in
1091 1058 1151 1122 illo
1174 1079 1276 1140 canipe

133 1160 299 1224 suscitavit
322 1159 476 1244 dyabolus
498 1159 571 1224 lites
594 1165 627 1223 et
649 1160 819 1225 discordias
842 1161 928 1225 inter
951 1162 1069 1226 milites
1093 1162 1274 1226 societatum

133 1261 302 1329 duarum².
348 1262 432 1327 Nam
454 1285 518 1327 una
541 1264 674 1328 societas
697 1263 874 1347 inculpavit
906 1265 1019 1345 aliam,
1055 1267 1141 1350 quod
1165 1266 1274 1349 promi·

134 1369 249 1432 sissent
272 1367 440 1450 pecuniam
462 1368 537 1432 dare
560 1367 699 1445 Mauris,
734 1372 770 1431 ut
799 1369 872 1434 cito*
887 1369 1077 1434 ducerentur
1110 1371 1148 1434 ad
1181 1372 1271 1435 locum

132 1477 240 1536 sancte
255 1469 448 1550 Katherine,
472 1469 528 1534 alii
552 1472 711 1551 dixerunt,
734 1473 816 1556 quod
840 1474 903 1556 ipsi
927 1475 1095 1556 pecuniam
1120 1476 1269 1558 promisis-

132 1583 213 1658 sent,
235 1582 272 1641 ut
294 1577 449 1641 morosius
470 1576 612 1640 facerent
634 1582 766 1660 propter
789 1579 974 1663 peregrinos
997 1579 1164 1658 infirmos,
1193 1586 1224 1643 et
1242 1601 1268 1641 ex

133 1682 198 1746 illis
219 1683 324 1747 verbis
350 1686 557 1747 surrexerunt
579 1689 669 1748 tante
691 1684 845 1748 discordie
869 1689 900 1749 et
923 1686 1015 1767 lites,
1048 1687 1132 1770 quod
1157 1687 1266 1750 descen·

135 1788 251 1852 derunt
273 1789 311 1852 de
333 1787 440 1865 asinis,
464 1793 497 1851 et
523 1789 699 1870 evaginatis
723 1790 838 1872 gladiis
853 1794 1062 1855 cucurrerunt
1078 1793 1225 1856 adversus
1241 1811 1264 1851 se

133 1896 255 1973 mutuo,
279 1896 311 1956 et
335 1892 397 1956 nisi
419 1891 523 1956 Mauri
546 1892 680 1956 fuissent
703 1894 934 1975 intercessores,
957 1917 1020 1959 non
1039 1896 1180 1974 dubium,
1205 1894 1263 1978 quin

134 1996 385 2069 multifuisscnt
407 1997 464 2061 lesi
487 1997 536 2061 vel
560 1997 732 2065 interfecti.
778 1998 819 2061 Et
840 1999 956 2063 sedatis
979 2021 1038 2082 pro
1062 2005 1154 2083 parte
1177 2001 1260 2064 adhuc

135 2123 198 2165 non
223 2102 412 2185 quieverunt
439 2102 628 2166 contendere
650 2102 772 2179 verbis,
806 2102 962 2167 dicentes:
1000 2102 1176 2168 >Nolumus
1199 2099 1261 2165 vos3

133 2206 273 2289 opprimi
288 2229 306 2269 a
321 2206 450 2282 vobis‹;
474 2206 530 2269 alii
547 2207 793 2288 responderunt:
820 2205 905 2271 »Nec
926 2229 983 2272 nos
997 2208 1145 2273 volumus
1161 2231 1179 2271 a
1194 2206 1261 2270 vohis

135 2311 203 2394 pati
227 2309 410 2374 iniuriam«.
454 2308 611 2374 Finaliter
633 2315 741 2373 tamen
765 2332 824 2394 ego
840 2333 914 2375 vcce
936 2312 1003 2376 alta
1026 2318 1059 2376 et
1082 2309 1259 2376 lamentabili

136 2415 307 2480 acclamavi
330 2419 467 2493 tantum,
489 2415 651 2479 ammonui
674 2420 827 2499 utrasque
849 2411 1031 2502 societates,
1055 2424 1093 2482 ut
1116 2417 1259 2501 parcerent

135 2519 307 2602 sibiipsis,
340 2523 375 2582 et
396 2520 548 2583 timerent
587 2520 690 2598 deum,
726 2526 758 2583 et
780 2542 820 2584 ne
843 2521 1014 2603 perderent
1036 2523 1082 2586 sic
1105 2523 1218 2586 animas
1235 2522 1257 2580 et

134 2646 276 2707 corpora,
299 2629 331 2687 et
354 2627 510 2708 quomodo
533 2627 637 2688 essent
658 2626 692 2687 in
715 2625 862 2689 manibus
885 2626 1099 2707 inimicorum,
1125 2629 1177 2712 qui
1199 2645 1255 2707 gau·

135 2731 245 2794 derant
261 2730 299 2794 de
314 2729 472 2795 discordia
488 2751 605 2794 corum,
640 2728 728 2794 Tunc
744 2730 911 2810 siluerunt,
929 2733 1164 2816 acquiescentes
1177 2728 1256 2794 verbis

133 2835 228 2912 meis;
261 2835 326 2899 dixi
350 2856 492 2919 quoque,
526 2840 563 2898 ut
587 2837 699 2899 darent
723 2857 847 2900 causam
871 2835 909 2898 ad
932 2859 1045 2901 manus
1069 2838 1213 2910 duorum,
1235 2835 1257 2892 et

135 2939 289 3024 quidquid
305 2940 353 3004 illi
369 2939 521 3016 facerent,
544 2943 630 3003 stare
645 2940 806 3020 deberent,
823 2942 906 3025 quod
921 2945 953 3004 et
969 2941 1126 3022 fecerunt,
1150 2949 1180 3005 et
1194 2939 1254 3003 facta

696 3045 713 3076 a

134 3115 201 3170 sein.
236 3112 288 3167 Die
304 3112 396 3182 pilger
409 3128 503 3166 waren
521 3129 569 3164 um
587 3111 663 3167 diese
674 3113 811 3182 tageszeit
829 3130 881 3168 aus
891 3112 955 3168 dem
969 3113 1108 3168 bstlichen
1119 3113 1190 3168 wedi
1200 3105 1255 3164 Solet

133 3203 178 3256 ins
195 3200 269 3256 wadi
289 3198 469 3255 esch-Schech
483 3200 747 3269 hereingekommcn
765 3202 822 3255 und
840 3203 978 3256 befanden
998 3201 1055 3256 sich
1075 3220 1113 3256 an
1131 3202 1179 3256 der
1190 3195 1255 3255 stella,

137 3308 208 3345 »von
226 3308 268 3346 wo
287 3307 337 3343 aus
356 3288 414 3342 sich
432 3287 481 3342 der
496 3289 566 3358 Berg
583 3289 615 3341 in
633 3289 722 3342 seiner
741 3305 849 3358 ganzen
864 3289 998 3359 Majertttt
1019 3288 1073 3343 den
1087 3289 1194 3344 Blicken
1210 3285 1254 3338 dar·

134 3378 248 3432 biens«.
273 3377 359 3431 Baed.
378 3376 438 3432 513.
451 3378 510 3431 537.
529 3376 695 3440 Eb.-Gushe‚
712 3375 773 3430 Pal.
792 3377 828 3441 Il,
846 3378 906 3433 353.
944 3377 998 3431 Der
1011 3394 1094 3431 name
1107 3377 1203 3447 Tyren,
1217 3372 1254 3425 den

134 3465 193 3518 ihm
211 3462 343 3523 Walther
360 3465 453 3532 gicht,
479 3465 582 3518 beruht
602 3464 702 3518 hdchst
719 3463 951 3518 wahrscheinlich
970 3465 1022 3518 auf
1037 3466 1114 3520 einer
1134 3459 1254 3519 vervecis·

134 3553 205 3620 lung
232 3550 280 3606 des
298 3568 415 3605 nameus
442 3550 492 3605 der
520 3568 566 3604 am
585 3551 652 3606 fusse
678 3552 725 3606 des
753 3553 851 3622 berges
870 3553 1024 3622 gelegenen
1043 3568 1109 3607 oasa
1127 3553 1203 3605 Firan
1217 3544 1254 3599 mil

134 3640 198 3694 dem
216 3655 319 3693 namen
337 3638 384 3692 des
401 3637 499 3706 berges
518 3639 613 3693 selbst.

207 3731 219 3781 1
239 3725 290 3779 Die
307 3724 399 3794 pilger
411 3725 526 3780 vvurden
544 3726 623 3781 nicht
641 3726 695 3782 den
709 3726 838 3782 direhten
851 3744 913 3796 weg
932 3726 1020 3780 durch
1038 3728 1090 3782 das
1103 3728 1174 3782 vvadi
1185 3717 1253 3778 Sahab

135 3815 203 3869 tiber
221 3813 275 3868 den
293 3812 422 3866 el·Havva
440 3830 504 3882 pass
524 3831 562 3867 an
581 3813 635 3868 den
653 3814 731 3869 Sinai
750 3814 866 3882 getiihrt
891 3814 975 3885 (wohl
994 3814 1058 3869 weil
1078 3814 1195 3870 derselbe
1209 3807 1252 3862 sehr

134 3900 330 3956 bescbwerlich
348 3900 393 3954 ist.
422 3898 590 3963 Eb.·Guthe,
609 3900 670 3954 Pal.
689 3901 724 3965 11,
743 3903 794 3957 353
812 3902 842 3967 f.)
871 3901 990 3957 sondern
1018 3902 1106 3957 durch
1133 3902 1180 3956 das
1195 3893 1252 3950 halb

134 3988 327 4057 kreisfdrmige
345 3986 419 4042 vadi
437 3987 619 4042 esch-Schech
646 3988 699 4042 mit
727 3989 822 4044 seinen
841 3989 932 4043 vielen
958 3990 1176 4060 krr‘immungen:
1199 3987 1251 4037 »ter

135 4077 225 4132 diosos
244 4074 374 4130 circuitus
391 4075 530 4131 fecimus«.
559 4076 644 4131 Fabri
662 4076 697 4140 ll,
717 4079 768 4131 444
786 4079 805 4130 f.
842 4120 851 4136 .
910 4079 926 4130 2
959 4077 994 4131 Es
1012 4096 1108 4134 waren
1131 4078 1173 4132 die
1186 4073 1251 4145 puger

136 4164 292 4234 cigentlich
309 4163 339 4217 in
358 4164 417 4218 drei
431 4164 578 4220 societates
591 4166 704 4235 geteilt3
724 4166 762 4219 da
781 4165 847 4220 aber
861 4168 932 4222 nach
944 4166 1028 4220 Fabri
1041 4166 1078 4232 Il,
1093 4167 1155 4221 107:
1173 4159 1251 4232 ‚pana

136 4255 165 4307 et
185 4251 305 4305 secunda
328 4251 446 4306 societas
465 4270 573 4322 semper
591 4254 674 4306 simul
696 4256 868 4317 manserunt,
888 4253 935 4308 sed
954 4254 1042 4308 tertia
1054 4254 1184 4309 remansit
1198 4242 1250 4302 sini·

135 4340 226 4401 liter«,
239 4357 269 4393 so
283 4339 360 4392 kann
370 4340 501 4395 Walther
511 4357 584 4412 ganz
597 4345 650 4411 gut
659 4357 715 4395 von
724 4342 792 4396 zwei
802 4339 948 4398 societates
959 4343 1102 4412 sprechen.
1155 4335 1250 4395 3Jed011·

136 4425 201 4479 falls
221 4443 312 4481 »nos«.
