2842 5070
676 298 740 365 248

130 481 232 545 socius
255 501 361 545 meus:
390 479 525 542 »Eamus
549 477 656 541 videre
688 474 1025 552 novumcastellum«,
1057 473 1140 558 quod
1166 469 1279 534 iactum

133 586 201 647 crat
225 589 298 648 ante
321 590 393 650 octo
417 604 516 647 annos
540 604 597 665 per
619 581 722 645 virum
751 580 960 664 abnegatum
990 585 1021 644 et
1043 578 1131 643 facto
1156 575 1281 640 castello

133 689 347 774 pulcherrimo
371 695 404 754 et
419 688 596 753 fortissimo
620 687 711 750 iuxta
727 692 855 770 portum
879 687 976 750 maris
1000 708 1070 750 oum
1086 683 1233 748 tnrribus
1256 688 1282 744 et

133 794 281 878 presidiis
304 795 439 880 magnis,
463 798 495 858 et
518 793 600 857 idem
620 792 773 875 magister
796 791 926 876 collegit
947 813 1094 874 magnam
1119 788 1282 874 pecuniam

133 903 166 962 ot
189 919 332 962 reversus
357 903 404 961 est
439 900 478 963 ad
499 899 657 980 gremium
680 901 787 978 sancte
809 899 920 961 matris
944 897 1072 962 ecclesie
1094 894 1252 960 catholice
1265 892 1284 956 ¹.

134 1003 204 1068 Hoc
228 1003 396 1068 castellum
412 1003 517 1069 voluit
542 1004 644 1069 socius
668 1025 757 1067 meus
772 1003 901 1067 omnino
917 1002 1031 1067 videre.
1077 1000 1147 1082 Ego
1163 997 1284 1062 diswasi

134 1107 321 1191 diligentem
355 1109 416 1173 iste
450 1109 616 1191 respondit
643 1108 866 1190 indignanter:
904 1106 1098 1182 »Vadamus3
1132 1125 1193 1186 ego
1226 1103 1284 1166 scio

134 1211 254 1275 Mauris
269 1212 368 1296 loqui,
392 1214 446 1298 qui
463 1213 547 1278 nihil
563 1213 688 1278 faciunt
703 1212 826 1276 nobisrr.
873 1211 915 1275 Et
937 1212 982 1275 sic
998 1211 1113 1274 ivimus
1139 1208 1284 1292 perlitus

133 1315 231 1380 maris
253 1339 352 1400 usque
375 1319 413 1382 ad
437 1320 572 1382 stratam
598 1339 756 1401 magnam,
781 1338 842 1400 que
861 1317 948 1381 vadit
971 1317 1008 1380 ad
1024 1313 1203 1378 castellum.
1250 1311 1285 1373 llt

138 1422 228 1485 iuxta
242 1421 327 1487 viam
343 1424 453 1487 statim
469 1423 620 1507 apparuit
635 1421 786 1486 muschea
802 1424 833 1485 et
848 1420 1017 1504 sepulchra
1031 1419 1284 1484 Sarracenorunr.

139 1527 207 1609 Ego
231 1548 303 1591 oum
317 1527 478 1608 vidissem,
502 1530 620 1593 iterum
645 1528 710 1591 dixi
731 1527 816 1592 socio
837 1548 923 1591 meo:
950 1525 1041 1590 »Non
1064 1525 1142 1589 licet
1155 1522 1285 1587 ulterius

135 1631 192 1709 ire,
214 1631 291 1715 quia
305 1631 476 1714 sepulchra
491 1631 675 1697 Maurorum
692 1636 767 1696 sunt
784 1632 860 1708 ibi«,
876 1631 943 1713 ipse
959 1652 1033 1694 vero
1049 1629 1151 1692 noluit
1169 1628 1284 1690 sistere.

137 1734 226 1800 Tunc
242 1736 347 1800 addidi
364 1737 469 1802 dicens
486 1738 533 1803 ei:
558 1723 672 1800 >Certe
687 1736 835 1825 credatis,
859 1735 1048 1818 penitebit«.
1098 1733 1213 1797 Adhuc
1228 1753 1283 1794 non

136 1841 259 1905 curavit
282 1846 314 1904 et
336 1842 397 1906 ivit
420 1842 575 1906 modicum
600 1847 674 1906 ante
696 1863 765 1917 me;
791 1845 823 1904 et
846 1861 905 1925 ego
928 1861 1061 1924 sequens
1080 1837 1282 1903 murmurari.

137 1943 227 2009 Tunc
249 1946 337 2009 venit
359 1969 441 2011 unus
475 1947 568 2032 niger
593 1946 744 2029 Ethiops‚
780 1950 811 2008 et
842 1944 973 2026 collegit
1005 1965 1139 2028 magnos
1169 1942 1285 2025 lapides

136 2071 230 2133 super
253 2045 544 2130 brachium'suum
569 2073 698 2117 currens
722 2050 873 2115 velociter
898 2052 1059 2134 tamquam
1093 2050 1182 2112 canis
1208 2047 1283 2111 rabi·

138 2155 195 2219 dus
218 2141 329 2219 contra
361 2158 480 2221 socium
513 2178 639 2236 meum,
674 2161 706 2219 et
738 2155 879 2219 iactabat
902 2154 1048 2237 protinus
1079 2154 1227 2233 ineam,
1259 2156 1285 2216 et

137 2260 247 2342 tetigit
279 2264 398 2324 eostam
430 2262 498 2325 eius
532 2261 565 2324 in
591 2261 691 2325 latere
715 2282 786 2324 cum
811 2281 927 2341 magno
950 2258 1063 2342 lapide.
1110 2258 1153 2322 Et
1176 2259 1283 2323 iterum

137 2364 246 2428 statim
278 2365 388 2449 tetigit
422 2366 618 2448 superiorem
651 2371 775 2447 partem
807 2364 909 2428 cruris
943 2364 1019 2429 eius,
1066 2362 1156 2428 Tunc
1190 2365 1283 2428 socius

137 2492 225 2534 meus
247 2470 421 2554 incipiebat
437 2493 625 2556 repugnare,
652 2471 782 2535 Maurus
798 2491 872 2534 vero
890 2471 1049 2534 clamabat
1072 2469 1145 2533 aliis
1163 2469 1282 2532 Mauris.

138 2573 316 2639 Accurrens
332 2597 423 2655 unus,
439 2597 498 2659 ego
514 2576 641 2659 fugiens
658 2575 790 2639 clamavi
808 2574 936 2639 fortiter
951 2575 988 2638 ad
1007 2574 1143 2638 socium:
1168 2572 1282 2655 »Fugel

138 2679 214 2764 fuge
230 2680 397 2744 velociter!
419 2681 502 2745 nihil
518 2681 656 2764 proficis,
681 2680 735 2744 sed
755 2680 859 2762 magis
883 2701 935 2742 eos
951 2683 1062 2743 contra
1078 2700 1136 2743 nos
1151 2679 1280 2742 irritas«.

138 2783 181 2848 Et
203 2785 326 2848 demum
360 2786 479 2850 iterum
510 2787 652 2850 iactabat
685 2805 838 2868 magnum
863 2784 1000 2867 lapidem
1033 2789 1145 2848 contra
1180 2783 1281 2846 faciem

139 2889 215 2954 socii
239 2889 310 2968 mei,
334 2912 426 2974 quem
450 2890 476 2953 si
498 2890 601 2955 socius
618 2911 706 2953 meua
728 2889 793 2952 suis
808 2889 956 2953 manibus
980 2909 1042 2951 non
1067 2911 1085 2951 a
1109 2910 1184 2952 casu
1206 2909 1279 2952 amo·

138 2995 251 3073 visset,
286 2995 395 3073 credo,
428 2995 511 3078 quod
545 2994 613 3077 ipse
635 2993 748 3058 fnisset
770 2995 915 3056 mortuus
949 2993 1018 3076 ipsa
1041 2993 1129 3057 hora.
1177 2993 1280 3058 Statim

140 3099 225 3163 dedit
240 3098 351 3182 fugam
375 3104 448 3182 post
469 3121 531 3178 me,
554 3103 586 3164 et
602 3101 726 3210 mutatp
743 3097 848 3162 colore
871 3098 905 3161 in
928 3097 1018 3176 facie,
1043 3099 1201 3163 alienatus
1224 3120 1280 3162 om·

139 3254 194 3292 von
213 3237 288 3291 allen
307 3236 444 3306 grbsseren
463 3235 579 3290 schiffen
597 3237 724 3300 benfitzt,
743 3235 877 3289 wahrend
896 3236 945 3290 der
964 3235 1095 3305 gredere,
1116 3237 1180 3292 dstl.
1202 3236 1280 3296 hasen,

139 3324 188 3378 der
206 3324 245 3378 im
260 3324 410 3379 albertume
422 3323 539 3379 bentitzt
557 3326 615 3379 und
628 3342 684 3381 von
698 3323 800 3380 Strabo
813 3324 986 3380 ausfiihrlich
998 3325 1180 3380 besohrieben
1191 3325 1280 3385 wnrde,

139 3411 334 3481 gegenwdrtig
352 3411 452 3466 immor
476 3412 556 3468 mehr
574 3413 725 3467 versandet
752 3411 810 3466 und
839 3430 892 3466 nur
919 3413 998 3467 mehr
1016 3412 1160 3468 kleineren
1179 3412 1280 3468 schiffen

140 3498 308 3568 auganglioh
326 3497 372 3554 ist.
410 3498 493 3554 Baed.
512 3501 571 3554 219.
963 3510 967 3516 ’

211 3585 312 3640 lHier
340 3585 378 3640 ist
397 3586 447 3641 das
466 3588 555 3642 altere
573 3586 677 3642 schloss
704 3587 756 3640 auf
780 3586 843 3640 dem
862 3585 1104 3655 vorspringendcn
1124 3587 1181 3642 Ras
1199 3587 1279 3643 et-l'in

141 3671 237 3742 (Baod.
250 3673 313 3743 220)
333 3673 469 3742 gemeint‚
488 3674 605 3729 welches
625 3673 697 3728 beim
717 3674 848 3743 dortigen
862 3674 1049 3728 leuchtturme
1069 3674 1149 3744 liegt,
1168 3677 1224 3730 und
1239 3675 1280 3727 das

140 3759 189 3814 der
207 3761 304 3816 sultan
316 3761 453 3831 Keil-Bey
472 3764 553 3817 hatte
565 3763 713 3817 erweitern
731 3762 788 3815 und
802 3762 912 3815 starker
925 3761 1079 3830 besestigen
1102 3763 1202 3817 lassen.
1237 3763 1279 3814 1111

139 3850 272 3917 renegat,
291 3849 409 3903 welcber
428 3850 488 3904 ihm
515 3850 570 3904 den
588 3852 635 3903 rat
654 3849 733 3904 hiezu
754 3849 881 3919 gegeben
907 3850 965 3904 und
989 3849 1033 3903 die
1052 3851 1227 3920 ausfr'ihrung
1242 3866 1279 3918 ge

141 3935 222 3990 leitet
242 3935 333 4000 hatte,
351 3937 403 3992 soll
423 3937 466 3990 ein
487 3937 640 3992 Deutscher
660 3955 709 3992 aus
730 3936 904 4006 Oppenheim
923 3954 1049 4007 gewesen
1067 3938 1135 4001 sein,
1156 3940 1204 3994 der
1221 3937 1279 3992 nach

141 4022 314 4092 vollendung
332 4024 380 4078 des
398 4025 502 4079 werkes
527 4025 580 4078 mit
599 4024 690 4080 vielon
709 4025 841 4078 schttzen
867 4025 896 4078 in
922 4025 980 4078 sein
999 4025 1151 4080 vaterland
1171 4027 1225 4081 und
1241 4040 1279 4078 zur

140 4109 249 4166 christl.
277 4110 397 4180 religion
425 4111 636 4166 zuriicklrehrte.
674 4111 757 4166 Fabri
785 4111 838 4174 ΙΙΙ,
866 4114 923 4167 176.
960 4111 1107 4168 Breidenb.
1134 4115 1191 4167 111.
1226 4111 1277 4178 Vgl.

141 4195 302 4250 (1111111202
322 4216 349 4252 u.
370 4196 504 4252 Η1111177.
541 4196 626 4251 Fabri
643 4197 707 4251 111111
725 4197 778 4251 den
798 4197 969 4251 leuohtturm
989 4198 1032 4252 bei
1052 4199 1157 4253 diesem
1175 4201 1277 4253 schlosse

142 4282 301 4337 irrtiimlich
320 4284 366 4336 fiir
384 4283 437 4338 den
452 4285 618 4339 bertihmten
630 4284 738 4338 Pharus
757 4284 806 4339 der
821 4285 906 4349 alten,
926 4285 974 4339 der
993 4285 1052 4338 sich
1071 4286 1144 4340 beim
1157 4285 1276 4342 bstlicheu

141 4368 228 4428 halen
246 4370 389 4430 befunden
408 4371 488 4427 hatte
508 4373 566 4432 und
586 4372 697 4434 damals
716 4373 799 4430 schon
820 4373 917 4444 langor
935 4373 1014 4430 nicht
1031 4374 1112 4430 mehr
1130 4375 1219 4432 stand.
