2842 5070
678 336 741 405 126

133 537 241 579 omnes
257 515 290 578 in
308 513 438 578 comites
456 513 582 592 habere,
606 513 838 579 consolationes
853 515 1035 598 spirituales
1053 522 1084 580 et
1101 517 1280 600 corporales

133 620 329 684 sufficienter
352 619 385 682 in
411 619 565 683 benivolis
588 618 836 702 apprehendere,
870 643 982 705 meque
1014 620 1047 684 in
1071 624 1199 686 cunctis
1223 624 1282 687 tuis

134 746 230 808 qnam
252 724 291 788 ad
315 725 405 788 deum
430 746 526 807 qnam
550 725 587 788 ad
612 724 756 790 homines
772 726 988 790 indesinenter
1010 726 1129 791 habere
1151 749 1213 810 pro
1235 749 1281 791 sa·

132 828 290 893 lutatione
325 829 467 893 fraterna
489 829 675 912 preoblatis.
721 828 987 896 Oamantissime
1020 833 1063 895 mi
1086 833 1206 896 frater!
1241 831 1283 897 Ut

133 934 211 1023 bene
234 933 335 1011 nosti,
369 955 431 998 non
462 937 510 998 est
533 935 602 998 laus
625 936 708 1000 bona
730 937 895 1013 inchoare,
927 937 980 1002 sed
1003 959 1103 1022 usque
1127 938 1166 1002 ad
1191 938 1283 1001 finem

133 1040 304 1123 perducere
328 1038 453 1104 laudem
478 1045 511 1103 et
528 1041 677 1104 meritum
693 1042 828 1106 obtinet.
875 1040 995 1125 Nuper,
1018 1042 1092 1105 dum
1117 1064 1206 1106 eram
1222 1042 1282 1106 Ve-

132 1144 244 1224 netiis,
268 1145 384 1208 tradidi
407 1145 494 1224 viro,
519 1168 612 1229 quern
643 1168 706 1211 non
730 1147 874 1230 ignoras,
904 1146 1040 1210 formum
1061 1147 1282 1229 proficiscendi

132 1251 171 1313 ad
194 1254 313 1312 statum
336 1249 479 1313 debitum
503 1256 535 1313 et
557 1250 778 1328 meritorium
811 1274 849 1315 an
875 1258 1059 1334 prosecutus
1082 1252 1143 1332 sit,
1168 1252 1282 1316 nescio.

133 1352 227 1418 Omni
249 1359 355 1417 tamen
381 1355 473 1417 modo
496 1376 551 1438 per
574 1354 631 1419 hec
654 1355 774 1438 scripta
789 1356 913 1436 suadeo,
937 1378 976 1419 ne
993 1355 1121 1419 differat
1138 1356 1281 1441 peregri-

133 1461 312 1538 nationem,
346 1459 398 1522 sed
422 1460 486 1524 cito
518 1464 549 1523 et
580 1461 700 1544 absque
723 1482 812 1525 mora
834 1459 967 1525 festinet
1000 1462 1039 1524 ad
1062 1461 1282 1526 dulcissimum

132 1586 206 1650 ymo
228 1564 557 1628 misericordissimum
572 1563 709 1644 Ihesum,
733 1566 787 1649 qui
812 1566 929 1630 dudum
952 1589 1022 1630 eum
1044 1567 1187 1631 extensis
1212 1568 1280 1630 bra-

132 1669 222 1747 chiis,
245 1673 357 1753 aperto
372 1669 472 1733 latere
488 1669 668 1752 expectavit
689 1671 827 1734 olamans
842 1671 909 1734 alta
923 1691 999 1735 voce
1022 1671 1059 1735 ad
1084 1693 1176 1737 eum:
1201 1673 1280 1736 »Re-

133 1779 256 1838 vertere
272 1774 335 1838 cito
358 1775 473 1852 adme,
499 1780 531 1838 et
554 1795 614 1858 ego
629 1774 800 1857 suscipiam
824 1779 889 1839 te«.
936 1774 987 1839 Ne
1002 1780 1136 1860 propter
1153 1779 1280 1842 nimiam

132 1879 344 1943 tardationem
367 1879 468 1942 intret
496 1898 630 1962 regnum
654 1878 842 1964 claudatque
865 1879 983 1944 betium
1006 1885 1037 1944 et
1059 1883 1157 1961 tunc,
1181 1883 1206 1944 si
1232 1904 1279 1945 ve·

132 1983 216 2046 nerit
240 1986 271 2046 et
294 1982 469 2065 pulsaverit
491 1983 619 2046 ianuam
649 1983 805 2046 clamans:
843 1982 1011 2063 »Domina
1036 1985 1164 2049 domine
1196 1987 1278 2068 aperi

64 2096 67 2100 ’
131 2088 211 2151 mihi
222 2091 248 2152 1«
283 2094 314 2152 et
338 2089 404 2171 ipse
427 2086 539 2151 lhesus
569 2088 608 2151 ab
637 2089 722 2151 intra
745 2089 863 2153 diceret
894 2089 955 2153 sibi
984 2088 1064 2153 illud
1088 2090 1278 2173 repulsivam

133 2199 164 2257 et
187 2193 332 2257 terribile
354 2193 505 2257 verbum:
532 2192 652 2257 »Amen
676 2194 744 2256 dico
768 2193 838 2272 tibi,
862 2194 967 2258 nescio
989 2199 1059 2268 tem
1084 2198 1117 2258 et
1140 2197 1187 2261 sic
1208 2218 1276 2280 per-

133 2298 275 2362 manebit
298 2320 316 2361 a
339 2318 439 2379 regno
462 2297 614 2361 exclusus.
661 2297 703 2360 Et
726 2298 802 2381 quid
826 2303 902 2362 tuno
918 2299 1095 2382 proderunt
1116 2301 1147 2364 ei
1163 2302 1274 2379 omnia,

134 2426 195 2487 que
218 2405 250 2466 in
274 2405 391 2466 mundo
415 2404 511 2466 sunt?
546 2400 638 2467 Certe
661 2424 724 2467 non
749 2403 792 2487 [p.
810 2403 865 2486 62]
887 2405 1038 2468 valebunt
1061 2428 1158 2470 unam
1182 2406 1276 2470 festu·

132 2530 209 2572 carn.
255 2507 379 2571 Reioiot
403 2528 479 2590 ergo
502 2506 576 2570 talis
601 2506 694 2570 bomo
719 2512 751 2570 et
774 2508 838 2572 cito
854 2510 1036 2591 posttergat
1051 2515 1189 2593 patrem,
1211 2534 1274 2575 ma·

133 2619 224 2692 trem,
246 2634 386 2691 uxorem,
409 2611 492 2675 filios
511 2614 542 2674 et
558 2611 648 2689 filias,
666 2617 836 2696 curratque
852 2634 923 2676 cunr
939 2613 1064 2678 sacculo
1079 2617 1274 2699 paupertatis

132 2717 393 2802 postpiissimum
404 2716 543 2798 Ihesum,
559 2718 657 2781 donec
673 2717 891 2800 apprehendat
907 2717 1009 2798 illum,
1026 2724 1058 2782 et
1074 2720 1152 2785 dum
1168 2745 1274 2806 appre-

134 2828 280 2892 henderit
296 2851 378 2906 cum,
395 2849 453 2892 nec
469 2827 610 2891 dimittat
626 2849 707 2906 eum,
724 2829 822 2892 donec
834 2829 1015 2893 introducat
1030 2852 1101 2893 enm
1119 2832 1153 2894 in
1169 2830 1274 2895 cellam

130 2933 287 2998 vinariam
323 2955 378 2997 sne
411 2933 515 2997 divine
538 2933 773 2997 consolationis.
821 2933 943 2998 Modica
975 2935 1061 2997 enim
1091 2943 1186 3015 sunt,
1221 2956 1274 3019 que

132 3040 351 3123 relinquimus,
369 3046 516 3121 respectu
526 3060 645 3117 eornm,
662 3060 723 3122 que
739 3039 772 3101 in
786 3038 912 3103 domino
928 3043 1037 3104 nostro
1047 3039 1145 3104 [besu
1154 3038 1271 3104 Christo

132 3145 407 3228 apprehendimus,
455 3142 481 3208 0
503 3144 530 3206 si
551 3143 664 3206 saltem
680 3147 838 3226 gustasset
861 3165 956 3207 unam
972 3149 1098 3228 guttam
1115 3146 1269 3210 minimam

132 3252 169 3314 de
193 3251 259 3314 eius
282 3229 465 3325 dulcedine,
498 3270 571 3313 vere
601 3247 723 3311 faceret
756 3249 788 3312 in
824 3270 860 3312 eo
890 3249 1000 3312 statim
1023 3251 1132 3314 omnia
1155 3255 1268 3315 terrena

131 3355 290 3420 vilescere.
337 3353 396 3417 Dic
419 3375 544 3438 qnoque
566 3355 644 3433 viro,
667 3375 719 3417 me
742 3353 802 3417 sibi
826 3355 1005 3433 mandasse,
1034 3361 1157 3440 quanto
1181 3355 1266 3437 magis

132 3460 248 3539 tardat,
265 3460 477 3523 tantominus
494 3459 601 3523 exibit.
649 3457 680 3522 N
682 3482 734 3523 am
754 3463 790 3523 ut
806 3479 865 3543 ego
881 3460 994 3538 sentio,
1010 3460 1043 3523 in
1060 3461 1146 3526 facto
1161 3479 1266 3542 semper

131 3565 371 3647 impossibilitas
408 3565 544 3627 exeundi
578 3568 715 3648 augetur
747 3587 784 3628 ex
808 3565 1103 3647 procrastinatione.
1149 3564 1262 3629 Utinam

132 3690 216 3733 nunc
231 3669 312 3733 idern
330 3673 411 3732 esset
432 3669 466 3732 in
482 3673 570 3732 statu
592 3672 629 3733 ut
645 3689 704 3753 ego
728 3673 760 3732 et
775 3669 936 3734 inhereret
949 3669 1045 3751 lateri
1061 3675 1149 3736 meo!
1186 3668 1260 3733 Nun-

131 3797 226 3859 quam
251 3797 322 3839 eum
345 3776 486 3839 deserere
508 3774 643 3852 vellem,
679 3774 777 3838 donec
800 3774 999 3839 introductus
1029 3780 1112 3839 esset
1144 3797 1199 3859 pro
1218 3791 1260 3836 suo

130 3880 339 3963 beneplacito.
387 3879 506 3964 Dioque
540 3880 601 3943 sibi
626 3899 758 3962 magnas
781 3884 887 3963 grates
919 3887 950 3944 et
982 3901 1091 3963 preces
1113 3901 1195 3945 meas
1215 3895 1258 3960 pro

131 3985 302 4050 elemosina
324 3984 403 4048 mihi
427 3985 611 4069 peripsum
638 3989 790 4067 prestata.
836 3982 940 4049 Orabo
964 4007 1091 4070 quoque
1114 3986 1214 4061 deum,
1234 3982 1258 4044 ut

131 4090 198 4172 ipse
221 4091 467 4155 misericorditer
489 4089 718 4154 sibirefundat
740 4090 775 4153 in
799 4093 934 4173 utroque
950 4089 1079 4154 homine
1097 4090 1116 4155 ¹.
1160 4090 1194 4154 In
1216 4107 1256 4151 ne·

130 4197 219 4277 gotio
241 4218 297 4260 suo
319 4197 390 4260 volo
414 4217 479 4260 esse
503 4195 641 4279 amplius
664 4200 869 4273 exoneratus,
892 4195 918 4258 si
941 4194 1054 4279 aliqua
1077 4191 1255 4282 negligentia

695 4321 713 4356 tl·

202 4422 214 4474 l
237 4423 267 4474 D.
286 4422 313 4475 h.
333 4422 468 4490 corporali
488 4424 516 4474 et
534 4421 689 4491 spirituali.
