2842 5070
672 349 735 413 236

131 528 279 593 dubitare
313 526 430 591 infide
460 530 492 589 et
519 527 604 588 secta
628 544 746 587 eorum.
794 521 967 587 Audientes
1001 528 1033 587 et
1065 517 1280 604 intelligentes

131 633 309 697 sacerdotes
333 637 365 696 et
389 632 531 696 doctores
555 651 674 707 eorum,
697 629 836 693 surrexit
860 651 942 694 unus
958 630 1069 693 doctor
1091 627 1180 689 inter
1203 624 1280 707 ipsos

131 738 233 820 magis
256 737 411 814 famosus,
437 736 522 798 filius
547 732 659 811 Belial,
685 733 797 816 plenus
819 735 907 797 omni
931 733 1121 817 iniquitate,
1155 751 1280 812 congre

132 864 211 925 gans
233 843 266 905 in
284 843 429 925 Alkayro
452 861 561 923 regem
586 844 618 902 et
639 839 774 902 maiores
797 839 910 922 populi
933 843 965 902 et
988 860 1115 903 ornnem
1131 836 1282 920 populun

131 947 283 1026 civitatis,
307 949 513 1032 inquantum
534 944 650 1029 potuit,
675 949 707 1008 et
732 945 902 1008 ascendens
918 944 1101 1009 cathedram
1117 939 1281 1006 seminavit

131 1074 236 1116 semen
259 1053 382 1117 inimici
406 1055 438 1116 et
460 1051 562 1116 omnis
585 1049 769 1134 iniquitatis
793 1054 825 1114 et
848 1050 1049 1133 perditionis,
1072 1048 1218 1112 clamans
1240 1045 1279 1108 la·

131 1157 366 1222 mentabiliter:
391 1156 531 1221 »Audite
546 1154 659 1239 populi
674 1155 761 1218 beati
778 1154 972 1219 Machometi
987 1153 1147 1239 prophete
1170 1150 1280 1216 nostri!

131 1262 217 1327 Deus
239 1267 372 1346 propter
395 1267 504 1327 nostra
527 1265 659 1344 peccata
673 1260 775 1325 voluit
798 1281 855 1324 nos
878 1282 986 1325 omnes
1009 1262 1047 1325 de
1070 1265 1159 1324 terra
1174 1257 1279 1334 delere,

131 1368 199 1450 ipse
221 1388 297 1432 vero
320 1367 501 1431 intercessit
524 1367 589 1430 suis
615 1365 763 1448 precibus
785 1387 845 1448 pro
867 1366 959 1430 nobis
983 1386 1100 1450 rogans
1124 1366 1229 1441 deum,
1251 1367 1279 1424 ut

131 1472 189 1536 illa
211 1472 308 1555 plaga
330 1473 532 1536 descenderet
554 1492 650 1554 super
673 1491 787 1553 corpus
810 1492 911 1547 suum,
935 1474 967 1533 et
983 1472 1185 1552 demergeret
1209 1466 1277 1530 illud

131 1579 165 1642 in
188 1578 384 1661 profundum
406 1581 507 1657 terre,
540 1580 573 1641 et
600 1580 746 1659 parceret
768 1575 877 1654 nobis,
911 1575 994 1659 qnod
1016 1574 1062 1638 sic
1084 1573 1209 1638 factum
1232 1574 1276 1648 est,

132 1683 216 1747 sicut
230 1682 356 1748 videtis.
402 1681 544 1748 Laudato
567 1703 644 1766 ergo
671 1682 763 1745 deum
788 1685 819 1745 et
835 1681 990 1746 honorate
1006 1681 1144 1744 maxime
1160 1678 1275 1742 Macho-

133 1792 262 1866 metum,
287 1789 342 1872 qui
365 1809 424 1853 sua
445 1788 566 1870 pietate
582 1787 703 1869 recepit
726 1786 807 1850 hanc
823 1787 953 1869 plagam
975 1806 1071 1868 super
1094 1806 1128 1848 se
1151 1788 1185 1846 et
1208 1782 1273 1845 libe·

135 1892 219 1956 ravit
241 1913 307 1958 nos.
356 1894 560 1977 Quapropter
582 1893 698 1970 iuvate,
721 1895 758 1956 ut
781 1892 981 1956 reedificetur
1003 1912 1096 1954 suum
1118 1888 1272 1971 templum,

134 2000 166 2062 et
189 2020 251 2062 non
274 1998 428 2063 dubitetis
450 1998 484 2062 in
508 1998 569 2062 fide
585 2002 724 2062 nostra«
772 1997 814 2060 Et
837 1997 882 2060 sic
902 2000 1008 2062 totum
1023 1995 1151 2059 reduxit
1175 1994 1212 2057 ad
1236 2015 1271 2056 er·

133 2123 237 2168 rorem
260 2088 292 2167 et
315 2103 508 2168 confortavit
537 2103 681 2167 insecta
712 2108 745 2166 et
769 2101 872 2166 heresi
907 2122 1033 2178 eorum;
1064 2103 1098 2165 et
1120 2100 1271 2164 ambulant

132 2210 169 2271 ut
190 2209 279 2291 prius
307 2210 375 2273 vias
409 2209 591 2294 iniquitatis
615 2211 647 2273 et
670 2213 780 2292 eterne
803 2207 1048 2290 dampnationis.
1094 2203 1137 2268 Et
1161 2205 1270 2268 demum

132 2333 215 2376 anno
240 2313 324 2379 1483
348 2316 535 2398 inceperunt
557 2315 675 2378 iterum
698 2313 845 2377 edificare
859 2314 880 2376 ¹.
926 2312 1009 2377 Item
1040 2312 1074 2376 in
1105 2312 1155 2376 die
1186 2308 1268 2374 sancti

133 2415 217 2480 Luce
240 2419 460 2502 ewangeliste,
492 2441 552 2502 que
583 2424 652 2482 erat
683 2419 816 2483 sabbato
841 2415 895 2504 [18
920 2415 1025 2502 Oct.],
1048 2417 1137 2481 venit
1170 2416 1207 2479 ad
1233 2434 1268 2476 ne

74 2566 76 2570 »
132 2522 295 2605 predictus
310 2522 486 2588 Alamanus
501 2525 690 2607 abnegatos,
716 2524 902 2588 manulucus
917 2525 955 2588 de
972 2523 1099 2588 Basilea
1123 2525 1156 2586 et
1171 2540 1266 2606 genere

132 2627 259 2710 Sefogel
294 2633 404 2709 natus,
438 2630 581 2694 dolorose
604 2630 858 2713 conquerebatur
890 2631 929 2694 de
959 2650 1016 2692 suo
1038 2627 1177 2711 pessimo
1199 2629 1265 2689 statu

134 2735 364 2818 abnegationis.
411 2734 551 2799 Audiens
579 2734 794 2817 compatiebar
816 2735 920 2798 anime
944 2755 999 2798 sue
1022 2735 1208 2817 correxique
1226 2751 1263 2793 ca·

132 2839 278 2918 ritative,
309 2862 468 2924 exponens
490 2841 551 2903 sibi
573 2840 749 2904 maximum
772 2840 951 2922 periculum
972 2840 1150 2904 imminere.
1195 2835 1263 2900 Tunc

133 2944 281 3026 apperuit
303 2945 383 3009 mihi
407 2946 545 3029 amplius
568 2966 622 3010 cor
645 2966 739 3009 suum
761 2945 883 3009 dicens:
911 2943 1066 3008 »Domine
1088 2944 1135 3007 mi
1158 2940 1262 3007 dilecte!

133 3048 166 3112 Si
188 3051 287 3114 vultis
315 3057 434 3131 tacere,
457 3052 562 3116 dicam
584 3051 672 3114 vobis
696 3072 766 3115 mea
788 3055 940 3114 secreta«.
987 3049 1135 3114 Aiebam:
1174 3046 1262 3110 »Certe

133 3155 277 3219 tacebo«.
322 3156 495 3221 Subiunxit
516 3160 590 3241 post
611 3157 733 3221 multa:
759 3154 877 3239 »Spero
900 3177 951 3220 me
975 3157 1032 3220 deo
1047 3156 1213 3219 adiuvante
1229 3150 1262 3211 its

133 3260 227 3323 citius
251 3282 316 3325 esse
339 3260 484 3326 Venetiis
507 3263 589 3327 sicut
614 3284 679 3326 vos.
727 3260 817 3344 Rogo
841 3283 911 3325 vos:
936 3261 1017 3325 detis
1041 3283 1173 3344 parvam
1194 3259 1259 3322 litte·

134 3386 202 3427 rem
233 3366 271 3429 ad
294 3367 508 3432 venerandum
536 3372 662 3451 patrem
685 3367 875 3450 gardianum
898 3367 1015 3431 montis
1039 3364 1126 3450 Syon
1155 3366 1188 3427 in
1208 3361 1260 3425 lhe

134 3470 281 3549 rusalem,
318 3475 353 3534 ut
376 3495 426 3537 me
449 3475 585 3538 adiuvet.
631 3473 689 3537 Ibo
713 3474 797 3537 enim
820 3495 889 3538 cras
912 3494 983 3536 cum
1005 3471 1167 3555 aliquibus
1189 3467 1260 3533 etiam

134 3575 205 3638 aliis
221 3576 387 3661 abnegatis
409 3580 468 3643 sub
492 3580 596 3662 specie
612 3578 880 3662 peregrinationis
904 3578 942 3641 ad
964 3575 1168 3652 [herusalem
1191 3576 1217 3638 et
1234 3566 1260 3632 al

133 3680 215 3745 hanc
231 3703 377 3747 concessa
399 3686 447 3747 est
464 3684 555 3748 nobis
571 3683 711 3748 licentia.
758 3684 799 3747 Et
816 3684 940 3747 demum
958 3680 1186 3747 declinabimus
1200 3677 1259 3742 viam

698 3809 717 3844 „
827 3821 829 3824 Α

205 3907 218 3960 1
239 3906 301 3962 Von
319 3907 428 3962 diesem·
442 3908 538 3965 doctor
549 3909 672 3964 famosus
691 3909 749 3962 und
762 3909 851 3963 seiner
869 3908 984 3978 predigt
996 3908 1069 3963 wciss
1084 3909 1168 3964 Fabri
1183 3904 1259 3962 nicbts.

133 3993 346 4064 Veranlassung
364 4013 397 4048 an
416 3995 505 4050 dieser
517 3995 672 4065 erathlung
690 3997 742 4050 hat
757 3995 912 4065 J'edenfalls
931 3995 976 4049 die
988 3996 1139 4050 thatsache
1152 3993 1259 4064 gegeben,

134 4082 197 4136 dass
210 4083 249 4136 im
258 4083 341 4152 jabre
351 4083 419 4138 1480
432 4083 481 4138 der
494 4084 564 4138 blitz
576 4083 607 4138 in
620 4083 665 4138 die
677 4085 876 4153 grabmoschee
895 4101 927 4136 zu
942 4081 1056 4137 Medina
1069 4083 1159 4150 (nicht
1172 4074 1259 4141 Melta)

133 4171 286 4239 einschlug‚
307 4171 364 4224 und
384 4170 459 4226 diese
477 4170 534 4225 fast
553 4187 627 4239 ganz
645 4171 691 4224 ein
709 4170 781 4225 raub
800 4170 849 4224 der
864 4170 993 4223 flammea
1006 4170 1110 4225 wurde.
1147 4165 1258 4228 licit-bey

133 4258 233 4320 brach,
258 4259 300 4312 als
319 4275 349 4313 er
367 4258 442 4313 diese
460 4258 607 4312 nachricht
627 4259 775 4322 vernahm,
794 4259 824 4311 in
845 4258 967 4312 thr'anen
986 4275 1050 4321 aus,
1079 4258 1178 4312 sandte
1194 4249 1259 4309 solort

134 4345 215 4398 einen
234 4346 406 4401 baumeister
424 4347 477 4401 mit
496 4346 701 4401 handwerkern
720 4347 770 4400 hin
790 4347 846 4400 und
867 4346 1044 4401 verwendete
1063 4364 1154 4417 gegen
1175 4337 1258 4400 100000

134 4431 233 4486 dinare
251 4432 297 4487 fiir
318 4434 372 4488 den
390 4434 600 4490 wiederauibau
620 4435 667 4491 des
686 4435 812 4506 tempels.
849 4434 923 4488 Weil
941 4432 975 4498 V,
993 4435 1053 4489 357.
