2842 5070
671 327 735 393 282

159 501 206 566 De
229 525 354 568 carcere
376 503 408 566 in
432 502 501 566 loco
525 501 679 582 Calvarie,
702 502 736 566 in
759 525 855 587 quem
879 503 1019 568 inclusus
1040 486 1103 567 fuit
1127 501 1247 567 lhesua

220 659 227 673 .
254 659 260 672 .
287 659 293 672 .
318 609 378 672 iste
394 629 501 672 carcer
524 607 616 671 hodie
636 608 815 672 ostenditur
837 613 869 672 et
886 609 1036 672 visitatur
1058 608 1277 692 aperegrinis,

132 718 163 777 et
187 717 236 777 est
258 715 291 776 in
308 713 428 795 templo
445 713 594 777 dominici
610 713 768 797 sepulchri
792 714 826 776 in
850 713 949 778 latere
966 735 1074 778 versus
1089 713 1277 797 aquilonem,

133 819 164 880 in
190 840 254 902 quo
276 841 334 904 per
357 819 407 882 dei
423 819 561 901 gratiam
585 818 660 882 licet
675 819 830 898 indevote,
854 820 986 904 indigne
1008 819 1113 901 sepius
1130 840 1276 902 persona-

130 924 207 986 liter
228 923 294 1003 fui,
318 929 350 987 et
372 928 447 988 sunt
469 923 670 1006 indulgentie
692 928 814 1006 septem
835 945 993 989 annorum
1026 931 1059 988 et
1081 928 1208 1008 septem
1230 945 1278 988 ca·

131 1050 278 1092 renerum
295 1028 316 1093 ².
941 1080 944 1085 .

156 1131 203 1217 [p.
228 1132 306 1216 249]
333 1132 379 1197 De
403 1132 557 1199 divisione
579 1135 845 1200 vestimentorum
868 1138 900 1199 et
922 1133 1003 1214 loco,
1025 1134 1081 1199 ubi
1105 1134 1261 1198 miserunt

643 1244 773 1305 sortem.

219 1395 225 1408 .
253 1392 259 1406 .
285 1391 292 1405 .
318 1340 367 1427 [p.
383 1343 461 1426 250]
480 1392 487 1407 .
506 1393 513 1407 .
532 1394 539 1408 .
556 1348 588 1409 et
611 1344 666 1409 ille
682 1345 779 1424 loeus,
802 1343 859 1408 ubi
880 1326 987 1408 divisa
1002 1347 1077 1408 sunt
1093 1343 1278 1407 vestimenta

133 1447 263 1526 Christi,
288 1455 321 1513 et
343 1450 398 1514 ubi
413 1450 569 1516 miserunt
585 1457 714 1530 sortem,
736 1450 916 1516 ostenditur
938 1450 971 1514 in
994 1447 1116 1531 templo
1132 1447 1277 1511 dominici

132 1552 291 1636 sepulchri
314 1535 400 1617 retro
423 1554 565 1635 chorum,
588 1557 706 1621 directe
722 1577 830 1622 versus
852 1556 1018 1635 orientem,
1043 1557 1075 1618 et
1096 1557 1146 1617 est
1169 1553 1214 1615 ibi
1238 1553 1277 1615 al-

133 1660 202 1721 tare
225 1658 374 1737 locatum,
398 1664 432 1724 et
452 1661 603 1725 visitatur
626 1661 840 1745 aperegrinis
863 1665 895 1725 et
918 1662 993 1724 surit
1015 1658 1061 1723 ibi
1084 1657 1278 1741 indulgentie

133 1765 253 1846 septem
278 1785 433 1829 annorum
457 1770 488 1829 et
510 1771 633 1850 septem
657 1751 854 1832 carenarum.

200 1867 248 1952 [p.
272 1867 353 1954 251]
379 1868 426 1933 De
448 1871 527 1952 looo,
549 1873 605 1936 ubi
629 1871 775 1937 Christus
797 1874 934 1935 matrem
958 1890 1045 1932 suam
1069 1864 1213 1931 Johanni

572 1977 849 2043 recommendavit.

221 2128 228 2143 .
253 2128 260 2143 .
285 2129 291 2143 .
316 2079 377 2144 iste
398 2079 497 2161 locus,
520 2082 574 2147 ubi
590 2082 693 2148 Maria
716 2104 786 2147 eum
810 2081 882 2146 aliis
897 2082 1041 2158 steterat,
1065 2077 1193 2162 qnando
1216 2097 1277 2139 eam

134 2181 278 2247 Johanui
303 2187 589 2263 recommendabat,
613 2193 660 2252 est
683 2188 721 2251 ad
745 2187 829 2251 latus
851 2184 1017 2249 sinistrum
1039 2181 1102 2246 loci
1126 2181 1177 2246 vel
1200 2180 1278 2245 fora-

136 2288 240 2368 minis,
263 2288 318 2352 ubi
342 2310 420 2352 crux
443 2311 516 2355 cum
539 2290 633 2356 lhesu
656 2294 806 2370 steterat,
830 2293 862 2354 et
884 2309 943 2372 pro
966 2286 1114 2370 partein
1138 2286 1278 2370 opposito

132 2393 204 2457 loci.
252 2392 294 2458 Et
316 2395 409 2459 modo
433 2401 482 2460 est
496 2385 635 2481 propria
658 2397 799 2480 capella,
823 2401 854 2460 et
877 2394 998 2459 habent
1020 2412 1088 2454 eam
1113 2390 1146 2453 in
1173 2412 1232 2454 usn
1252 2394 1278 2451 et

134 2496 166 2560 in
191 2498 333 2562 custodia
354 2497 505 2580 Yndiani,
531 2502 594 2566 alio
617 2502 744 2567 nomine
768 2500 927 2578 Abassini,
952 2501 983 2562 et
1004 2501 1141 2580 possunt
1165 2496 1278 2559 intrare

132 2607 164 2664 et
195 2603 280 2666 exire
311 2605 480 2669 secundum
502 2605 631 2671 libitum
656 2629 774 2686 eorum,
807 2605 883 2690 quia
916 2605 1011 2687 porta
1044 2601 1112 2664 sive
1134 2600 1278 2665 introitus

132 2707 252 2790 capelle
281 2711 329 2770 est
358 2713 449 2772 extra
472 2710 627 2793 templum
650 2710 799 2776 dominici
822 2708 982 2792 sepulchri
1004 2727 1113 2770 versus
1137 2726 1275 2789 eampum

132 2812 317 2895 spatiosum.
363 2812 405 2877 nt
428 2813 509 2879 hanc
531 2815 685 2898 capellam
709 2815 841 2879 visitant
864 2811 1047 2897 peregrini,
1083 2818 1116 2875 et
1141 2815 1220 2874 sunt
1240 2808 1276 2872 ibi

132 2915 330 3001 indulgentie
361 2921 483 3001 septem
505 2941 662 2985 annorum
695 2924 728 2984 et
761 2923 881 3003 septem
905 2913 1121 2983 caronarum2
1147 2965 1154 2979 .
1181 2969 1187 2982 .

132 3092 181 3145 der
199 3107 311 3153 maner,
335 3089 422 3144 durch
440 3092 544 3148 welche
561 3093 636 3148 diese
654 3029 737 3162 porla
755 3092 866 3156 fdhrte,
895 3090 933 3144 ist
950 3090 996 3143 fiir
1015 3087 1060 3143 die
1079 3090 1276 3155 entscheidung

132 3179 181 3232 der
200 3176 325 3232 echtheit
343 3177 409 3233 oder
426 3180 590 3235 unechtheit
608 3179 656 3234 des
675 3179 712 3235 hl.
727 3179 829 3249 grabes
840 3196 895 3234 von
914 3175 1030 3246 grollter
1044 3176 1210 3247 bedeutnng
1228 3175 1276 3230 und

133 3265 245 3320 werden
262 3264 314 3318 vvir
332 3265 428 3321 weiter
446 3269 534 3322 unten
553 3267 604 3321 aui
619 3267 771 3322 denselben
789 3265 1033 3321 zurdekkommen.

205 3356 217 3405 1
239 3353 289 3407 Die
306 3352 346 3406 im
359 3353 583 3424 naohfolgenden
595 3354 795 3425 angegebenen
811 3354 878 3409 oder
891 3352 1108 3407 beschriebenen
1126 3352 1223 3420 plttze
1241 3352 1277 3404 be

132 3442 226 3496 finden
245 3441 304 3496 sich
323 3441 379 3496 alle
406 3443 436 3497 in
461 3445 510 3498 der
533 3444 630 3499 kirohe
657 3444 705 3499 des
723 3444 763 3498 hl.
783 3443 893 3512 grabes.
931 3441 975 3496 Da
992 3439 1037 3493 die
1056 3438 1201 3494 tradition
1222 3439 1278 3491 dher

133 3530 274 3584 dieselben
291 3529 460 3598 wenigstens
478 3530 531 3585 seit
549 3532 632 3585 mitte
650 3531 698 3585 des
719 3534 750 3586 15
760 3530 856 3600 jahrh.
872 3547 944 3600 ganz
958 3529 1090 3584 constant
1108 3527 1156 3593 ist,
1176 3531 1278 3595 geniige

133 3635 169 3680 es,
189 3634 242 3671 nur
257 3617 322 3687 jene
340 3618 440 3672 stollen
458 3636 492 3671 nu
510 3618 693 3688 bespreohen,
712 3637 755 3674 wo
774 3617 905 3672 Walther
924 3632 1008 3670 neues
1026 3613 1116 3668 bietet
1136 3614 1205 3669 oder
1225 3630 1279 3667 aus·

132 3703 284 3759 fiihrlicher
306 3705 348 3758 als
368 3704 442 3760 seine
460 3705 651 3774 neitgenossen
664 3706 810 3760 beriehtet.
849 3705 884 3758 lls
902 3703 942 3759 sei
959 3704 1006 3756 fiir
1026 3702 1083 3757 alle
1103 3701 1180 3757 diese
1196 3703 1279 3772 plttze

133 3792 186 3848 aui
201 3792 316 3848 'l‘ohlers
345 3791 459 3857 schrift,
488 3792 639 3862 Golgatha.
673 3793 753 3848 Seine
770 3792 886 3847 kirchen
904 3791 962 3845 und
981 3790 1094 3846 kloster.
1124 3787 1166 3844 St.
1186 3789 1280 3843 Gallen

132 3880 190 3934 und
209 3880 281 3935 Bern
301 3879 366 3935 1851
388 3879 546 3935 verwiesen.
634 3881 705 3933 2Es
733 3880 770 3933 ist
799 3879 859 3933 hier
884 3879 951 3948 jone
969 3876 1081 3946 hapelle
1100 3875 1235 3945 gemeint,
1252 3890 1279 3925 zu

132 3968 251 4023 welcher
269 3985 335 4022 man
355 3985 411 4024 von
438 3949 501 4022 derh
519 3968 664 4035 vorplatze
687 3967 735 4022 der
757 3964 955 4036 grabeskirche
975 3981 1030 4019 von
1050 3962 1137 4017 siiden
1168 3964 1217 4018 her
1242 3977 1281 4030 ge·

133 4056 224 4124 langt,
244 4056 301 4108 und
314 4056 419 4110 welche
437 4054 490 4110 auf
501 4053 637 4125 gleichem
650 4054 752 4109 niveau
764 4053 818 4108 mit
833 4053 937 4108 diesem
948 4052 1042 4122 platee
1061 4050 1148 4120 liegt;
1168 4050 1280 4105 dieselbe

132 4143 201 4197 wird
220 4144 335 4214 kapolle
360 4145 409 4199 der
429 4144 521 4199 Maria
539 4143 715 4212 Aegyptiace
739 4143 796 4196 und
817 4141 888 4195 auch
906 4139 1012 4196 Sancta
1031 4138 1122 4192 Maria
1143 4138 1280 4207 Golgatha

134 4235 269 4303 genennt.
307 4232 372 4302 Vgl.
393 4231 477 4286 Fabri
495 4231 522 4296 I,
547 4231 597 4286 315
625 4231 682 4284 und
702 4230 817 4294 Tobler‚
848 4229 929 4298 Golg.
948 4229 1000 4283 378
1019 4225 1047 4281 ff.
1085 4224 1281 4295 Gegenwtrtig

133 4321 207 4391 zeigt
225 4338 291 4376 man
313 4339 350 4375 an
369 4320 419 4375 der
437 4319 587 4390 siidfacade
606 4318 655 4373 der
668 4316 866 4387 grabeskirche
885 4315 955 4372 noch
975 4314 1037 4370 eine
1056 4313 1162 4368 andere
1177 4309 1280 4383 hapelle

134 4423 246 4462 unrerer
260 4407 354 4463 lieben
368 4410 430 4462 fran
449 4405 501 4461 auf
509 4407 661 4476 Golgatha,
672 4424 706 4460 an
720 4405 769 4461 der
781 4422 849 4460 man
862 4404 913 4459 auf
922 4403 999 4459 einer
1012 4401 1167 4472 freitreppe
1180 4395 1280 4455 hinauf·
