<?xml version="1.0" encoding="UTF-8"?>
<!DOCTYPE html PUBLIC "-//W3C//DTD XHTML 1.0 Transitional//EN"
    "http://www.w3.org/TR/xhtml1/DTD/xhtml1-transitional.dtd">
<html xmlns="http://www.w3.org/1999/xhtml" xml:lang="en" lang="en">
 <head>
  <title>
</title>
<meta http-equiv="Content-Type" content="text/html;charset=utf-8" />
  <meta name='ocr-system' content='tesseract 3.04.00' />
  <meta name='ocr-capabilities' content='ocr_page ocr_carea ocr_par ocr_line ocrx_word'/>
</head>
<body>
  <div class='ocr_page' id='page_1' title='image "./fratrispauliwal00waltgoog_0300.png"; bbox 0 0 2842 5070; ppageno 0'>
   <div class='ocr_carea' id='block_1_1' title="bbox 682 344 745 410">
    <p class='ocr_par' dir='ltr' id='par_1_1' title="bbox 682 344 745 410">
     <span class='ocr_line' id='line_1_1' title="bbox 682 344 745 410; baseline -0.016 0"><span class='ocrx_word' id='word_1_1' title='bbox 682 344 745 410; x_wconf 84' lang='lat'>272</span> 
     </span>
    </p>
   </div>
   <div class='ocr_carea' id='block_1_2' title="bbox 58 519 1282 2500">
    <p class='ocr_par' dir='ltr' id='par_1_2' title="bbox 58 519 1282 2500">
     <span class='ocr_line' id='line_1_2' title="bbox 143 519 1280 610; baseline 0.005 -27"><span class='ocrx_word' id='word_1_2' title='bbox 143 519 298 584; x_wconf 79' lang='lat' dir='ltr'>orientem</span> <span class='ocrx_word' id='word_1_3' title='bbox 322 524 370 584; x_wconf 90' lang='lat' dir='ltr'>est</span> <span class='ocrx_word' id='word_1_4' title='bbox 385 520 588 604; x_wconf 83' lang='lat' dir='ltr'>sepulchrum</span> <span class='ocrx_word' id='word_1_5' title='bbox 604 521 783 600; x_wconf 83' lang='lat' dir='ltr'>Absolonis‚</span> <span class='ocrx_word' id='word_1_6' title='bbox 807 523 866 587; x_wconf 92' lang='lat' dir='ltr'>filii</span> <span class='ocrx_word' id='word_1_7' title='bbox 883 524 966 608; x_wconf 80' lang='lat' dir='ltr'>regis</span> <span class='ocrx_word' id='word_1_8' title='bbox 982 521 1095 604; x_wconf 85' lang='lat' dir='ltr'>David,</span> <span class='ocrx_word' id='word_1_9' title='bbox 1118 524 1197 589; x_wconf 88' lang='lat' dir='ltr'>satis</span> <span class='ocrx_word' id='word_1_10' title='bbox 1218 525 1280 610; x_wconf 85' lang='lat' dir='ltr'>glo·</span> 
     </span>
     <span class='ocr_line' id='line_1_3' title="bbox 140 625 1282 712; baseline 0.005 -24"><span class='ocrx_word' id='word_1_11' title='bbox 140 626 271 704; x_wconf 70' lang='lat' dir='ltr'>mosum,</span> <span class='ocrx_word' id='word_1_12' title='bbox 295 626 376 710; x_wconf 91' lang='lat' dir='ltr'>quod</span> <span class='ocrx_word' id='word_1_13' title='bbox 401 625 477 689; x_wconf 87' lang='lat' dir='ltr'>fecit</span> <span class='ocrx_word' id='word_1_14' title='bbox 501 627 645 691; x_wconf 89' lang='lat' dir='ltr'>edificare</span> <span class='ocrx_word' id='word_1_15' title='bbox 679 627 780 693; x_wconf 88' lang='lat' dir='ltr'>David</span> <span class='ocrx_word' id='word_1_16' title='bbox 813 633 905 712; x_wconf 90' lang='lat' dir='ltr'>pater</span> <span class='ocrx_word' id='word_1_17' title='bbox 928 629 1013 706; x_wconf 88' lang='lat' dir='ltr'>eius;</span> <span class='ocrx_word' id='word_1_18' title='bbox 1047 632 1081 692; x_wconf 88' lang='lat' dir='ltr'>et</span> <span class='ocrx_word' id='word_1_19' title='bbox 1111 629 1207 694; x_wconf 91' lang='lat' dir='ltr'>hodie</span> <span class='ocrx_word' id='word_1_20' title='bbox 1228 636 1282 694; x_wconf 88' lang='lat' dir='ltr'>stat</span> 
     </span>
     <span class='ocr_line' id='line_1_4' title="bbox 140 729 1280 813; baseline 0.006 -21"><span class='ocrx_word' id='word_1_21' title='bbox 140 729 328 794; x_wconf 88' lang='lat' dir='ltr'>inviolatum</span> <span class='ocrx_word' id='word_1_22' title='bbox 352 736 384 794; x_wconf 89' lang='lat' dir='ltr'>et</span> <span class='ocrx_word' id='word_1_23' title='bbox 406 735 544 794; x_wconf 87' lang='lat' dir='ltr'>erectum</span> <span class='ocrx_word' id='word_1_24' title='bbox 567 730 600 793; x_wconf 93' lang='lat' dir='ltr'>in</span> <span class='ocrx_word' id='word_1_25' title='bbox 616 732 743 795; x_wconf 90' lang='lat' dir='ltr'>modum</span> <span class='ocrx_word' id='word_1_26' title='bbox 768 733 875 796; x_wconf 91' lang='lat' dir='ltr'>turris.</span> <span class='ocrx_word' id='word_1_27' title='bbox 923 731 1028 796; x_wconf 84' lang='lat' dir='ltr'>Mauri</span> <span class='ocrx_word' id='word_1_28' title='bbox 1043 736 1164 813; x_wconf 83' lang='lat' dir='ltr'>tamen,</span> <span class='ocrx_word' id='word_1_29' title='bbox 1188 739 1280 799; x_wconf 88' lang='lat' dir='ltr'>trans·</span> 
     </span>
     <span class='ocr_line' id='line_1_5' title="bbox 139 834 1281 921; baseline 0.005 -23"><span class='ocrx_word' id='word_1_30' title='bbox 139 839 251 899; x_wconf 86' lang='lat' dir='ltr'>euntes</span> <span class='ocrx_word' id='word_1_31' title='bbox 273 835 367 914; x_wconf 89' lang='lat' dir='ltr'>viam,</span> <span class='ocrx_word' id='word_1_32' title='bbox 391 834 554 918; x_wconf 79' lang='lat' dir='ltr'>proiciunt</span> <span class='ocrx_word' id='word_1_33' title='bbox 575 834 697 918; x_wconf 90' lang='lat' dir='ltr'>lapides</span> <span class='ocrx_word' id='word_1_34' title='bbox 720 840 832 900; x_wconf 83' lang='lat' dir='ltr'>contra</span> <span class='ocrx_word' id='word_1_35' title='bbox 848 837 1054 921; x_wconf 76' lang='lat' dir='ltr'>sepulchrum</span> <span class='ocrx_word' id='word_1_36' title='bbox 1077 839 1111 902; x_wconf 89' lang='lat' dir='ltr'>in</span> <span class='ocrx_word' id='word_1_37' title='bbox 1127 843 1281 904; x_wconf 89' lang='lat' dir='ltr'>contume-</span> 
     </span>
     <span class='ocr_line' id='line_1_6' title="bbox 139 925 1281 1026; baseline 0.004 -23"><span class='ocrx_word' id='word_1_38' title='bbox 139 940 215 1004; x_wconf 89' lang='lat' dir='ltr'>liam</span> <span class='ocrx_word' id='word_1_39' title='bbox 239 939 426 1019; x_wconf 82' lang='lat' dir='ltr'>Absolonis‚</span> <span class='ocrx_word' id='word_1_40' title='bbox 451 961 509 1023; x_wconf 91' lang='lat' dir='ltr'>pro</span> <span class='ocrx_word' id='word_1_41' title='bbox 522 925 568 1003; x_wconf 41' lang='lat' dir='ltr'>&#39;eo</span> <span class='ocrx_word' id='word_1_42' title='bbox 592 941 675 1024; x_wconf 90' lang='lat' dir='ltr'>qnod</span> <span class='ocrx_word' id='word_1_43' title='bbox 698 938 764 1004; x_wconf 79' lang='lat' dir='ltr'>fuit</span> <span class='ocrx_word' id='word_1_44' title='bbox 784 941 969 1007; x_wconf 87' lang='lat' dir='ltr'>inobediens</span> <span class='ocrx_word' id='word_1_45' title='bbox 992 943 1079 1026; x_wconf 85' lang='lat' dir='ltr'>patri</span> <span class='ocrx_word' id='word_1_46' title='bbox 1109 965 1169 1008; x_wconf 81' lang='lat' dir='ltr'>suo</span> <span class='ocrx_word' id='word_1_47' title='bbox 1186 943 1206 1008; x_wconf 91' lang='lat'>¹.</span> <span class='ocrx_word' id='word_1_48' title='bbox 1247 943 1281 1007; x_wconf 82' lang='lat' dir='ltr'>Et</span> 
     </span>
     <span class='ocr_line' id='line_1_7' title="bbox 137 1043 1279 1133; baseline 0.004 -24"><span class='ocrx_word' id='word_1_49' title='bbox 137 1045 225 1109; x_wconf 77' lang='lat' dir='ltr'>venit</span> <span class='ocrx_word' id='word_1_50' title='bbox 242 1043 352 1108; x_wconf 89' lang='lat' dir='ltr'>Ihesus</span> <span class='ocrx_word' id='word_1_51' title='bbox 368 1066 439 1108; x_wconf 90' lang='lat' dir='ltr'>cum</span> <span class='ocrx_word' id='word_1_52' title='bbox 456 1044 619 1133; x_wconf 82' lang='lat' dir='ltr'>discipulis</span> <span class='ocrx_word' id='word_1_53' title='bbox 634 1046 806 1110; x_wconf 89' lang='lat' dir='ltr'>secundnm</span> <span class='ocrx_word' id='word_1_54' title='bbox 819 1045 960 1112; x_wconf 82' lang='lat' dir='ltr'>Marcum</span> <span class='ocrx_word' id='word_1_55' title='bbox 976 1047 1011 1111; x_wconf 89' lang='lat' dir='ltr'>in</span> <span class='ocrx_word' id='word_1_56' title='bbox 1026 1049 1176 1131; x_wconf 89' lang='lat' dir='ltr'>predium</span> <span class='ocrx_word' id='word_1_57' title='bbox 1192 1047 1279 1113; x_wconf 84' lang='lat' dir='ltr'>Geth·</span> 
     </span>
     <span class='ocr_line' id='line_1_8' title="bbox 138 1149 1279 1237; baseline 0.003 -25"><span class='ocrx_word' id='word_1_58' title='bbox 138 1149 267 1228; x_wconf 89' lang='lat' dir='ltr'>semani‚</span> <span class='ocrx_word' id='word_1_59' title='bbox 292 1151 375 1233; x_wconf 91' lang='lat' dir='ltr'>quod</span> <span class='ocrx_word' id='word_1_60' title='bbox 391 1149 623 1232; x_wconf 87' lang='lat' dir='ltr'>interpretatur</span> <span class='ocrx_word' id='word_1_61' title='bbox 636 1149 729 1214; x_wconf 77' lang='lat' dir='ltr'>vallis</span> <span class='ocrx_word' id='word_1_62' title='bbox 744 1150 984 1234; x_wconf 75' lang='lat' dir='ltr'>pinguedinum</span> <span class='ocrx_word' id='word_1_63' title='bbox 997 1150 1021 1231; x_wconf 77' lang='lat'>²,</span> <span class='ocrx_word' id='word_1_64' title='bbox 1045 1153 1122 1237; x_wconf 89' lang='lat' dir='ltr'>quia</span> <span class='ocrx_word' id='word_1_65' title='bbox 1145 1153 1192 1216; x_wconf 92' lang='lat' dir='ltr'>ibi</span> <span class='ocrx_word' id='word_1_66' title='bbox 1207 1158 1279 1216; x_wconf 85' lang='lat' dir='ltr'>terra</span> 
     </span>
     <span class='ocr_line' id='line_1_9' title="bbox 139 1254 1276 1340; baseline 0.003 -22"><span class='ocrx_word' id='word_1_67' title='bbox 139 1260 186 1318; x_wconf 91' lang='lat' dir='ltr'>est</span> <span class='ocrx_word' id='word_1_68' title='bbox 201 1255 337 1319; x_wconf 90' lang='lat' dir='ltr'>multum</span> <span class='ocrx_word' id='word_1_69' title='bbox 361 1254 480 1318; x_wconf 88' lang='lat' dir='ltr'>fertilis</span> <span class='ocrx_word' id='word_1_70' title='bbox 503 1258 535 1317; x_wconf 90' lang='lat' dir='ltr'>et</span> <span class='ocrx_word' id='word_1_71' title='bbox 551 1254 717 1318; x_wconf 80' lang='lat' dir='ltr'>arboribus</span> <span class='ocrx_word' id='word_1_72' title='bbox 732 1254 899 1336; x_wconf 71' lang='lat' dir='ltr'>olivarum,</span> <span class='ocrx_word' id='word_1_73' title='bbox 922 1256 1168 1340; x_wconf 82' lang='lat' dir='ltr'>amigdalarum‚</span> <span class='ocrx_word' id='word_1_74' title='bbox 1192 1257 1276 1321; x_wconf 87' lang='lat' dir='ltr'>mala-</span> 
     </span>
     <span class='ocr_line' id='line_1_10' title="bbox 137 1359 1275 1445; baseline 0.004 -23"><span class='ocrx_word' id='word_1_75' title='bbox 137 1362 348 1443; x_wconf 85' lang='lat' dir='ltr'>granatorum</span> <span class='ocrx_word' id='word_1_76' title='bbox 371 1363 404 1423; x_wconf 90' lang='lat' dir='ltr'>et</span> <span class='ocrx_word' id='word_1_77' title='bbox 419 1359 730 1445; x_wconf 19' lang='lat' dir='ltr'>aliarum—variarum</span> <span class='ocrx_word' id='word_1_78' title='bbox 746 1361 896 1424; x_wconf 88' lang='lat' dir='ltr'>arborum</span> <span class='ocrx_word' id='word_1_79' title='bbox 911 1361 1016 1444; x_wconf 86' lang='lat' dir='ltr'>plena,</span> <span class='ocrx_word' id='word_1_80' title='bbox 1040 1368 1074 1426; x_wconf 90' lang='lat' dir='ltr'>et</span> <span class='ocrx_word' id='word_1_81' title='bbox 1097 1369 1147 1427; x_wconf 89' lang='lat' dir='ltr'>est</span> <span class='ocrx_word' id='word_1_82' title='bbox 1168 1363 1202 1427; x_wconf 93' lang='lat' dir='ltr'>in</span> <span class='ocrx_word' id='word_1_83' title='bbox 1222 1384 1275 1426; x_wconf 87' lang='lat' dir='ltr'>me-</span> 
     </span>
     <span class='ocr_line' id='line_1_11' title="bbox 58 1464 1274 1548; baseline 0.004 -21"><span class='ocrx_word' id='word_1_84' title='bbox 58 1524 64 1533; x_wconf 86' lang='grc'>,</span> <span class='ocrx_word' id='word_1_85' title='bbox 137 1464 189 1528; x_wconf 94' lang='lat' dir='ltr'>dio</span> <span class='ocrx_word' id='word_1_86' title='bbox 205 1464 297 1528; x_wconf 85' lang='lat' dir='ltr'>vallis</span> <span class='ocrx_word' id='word_1_87' title='bbox 313 1464 470 1548; x_wconf 84' lang='lat' dir='ltr'>Josaphat</span> <span class='ocrx_word' id='word_1_88' title='bbox 492 1469 525 1528; x_wconf 90' lang='lat' dir='ltr'>et</span> <span class='ocrx_word' id='word_1_89' title='bbox 539 1465 574 1528; x_wconf 90' lang='lat' dir='ltr'>in</span> <span class='ocrx_word' id='word_1_90' title='bbox 588 1465 667 1548; x_wconf 88' lang='lat' dir='ltr'>pede</span> <span class='ocrx_word' id='word_1_91' title='bbox 683 1466 802 1530; x_wconf 88' lang='lat' dir='ltr'>montis</span> <span class='ocrx_word' id='word_1_92' title='bbox 818 1465 945 1532; x_wconf 81' lang='lat' dir='ltr'>Oliveti.</span> <span class='ocrx_word' id='word_1_93' title='bbox 980 1467 1024 1542; x_wconf 85' lang='lat' dir='ltr'>Et</span> <span class='ocrx_word' id='word_1_94' title='bbox 1039 1468 1088 1533; x_wconf 93' lang='lat' dir='ltr'>ibi</span> <span class='ocrx_word' id='word_1_95' title='bbox 1104 1472 1175 1534; x_wconf 88' lang='lat' dir='ltr'>erat</span> <span class='ocrx_word' id='word_1_96' title='bbox 1190 1473 1274 1546; x_wconf 87' lang='lat' dir='ltr'>ortus,</span> 
     </span>
     <span class='ocr_line' id='line_1_12' title="bbox 137 1570 1274 1656; baseline 0.003 -24"><span class='ocrx_word' id='word_1_97' title='bbox 137 1570 189 1633; x_wconf 89' lang='lat' dir='ltr'>sed</span> <span class='ocrx_word' id='word_1_98' title='bbox 213 1570 306 1634; x_wconf 88' lang='lat' dir='ltr'>modo</span> <span class='ocrx_word' id='word_1_99' title='bbox 329 1574 377 1633; x_wconf 90' lang='lat' dir='ltr'>est</span> <span class='ocrx_word' id='word_1_100' title='bbox 398 1589 476 1652; x_wconf 83' lang='lat' dir='ltr'>ager</span> <span class='ocrx_word' id='word_1_101' title='bbox 499 1591 572 1634; x_wconf 91' lang='lat' dir='ltr'>cum</span> <span class='ocrx_word' id='word_1_102' title='bbox 588 1571 764 1649; x_wconf 79' lang='lat' dir='ltr'>arboribus,</span> <span class='ocrx_word' id='word_1_103' title='bbox 788 1571 821 1634; x_wconf 90' lang='lat' dir='ltr'>in</span> <span class='ocrx_word' id='word_1_104' title='bbox 845 1593 939 1656; x_wconf 89' lang='lat' dir='ltr'>quem</span> <span class='ocrx_word' id='word_1_105' title='bbox 962 1571 1076 1637; x_wconf 86' lang='lat' dir='ltr'>Ihesus</span> <span class='ocrx_word' id='word_1_106' title='bbox 1098 1596 1172 1639; x_wconf 91' lang='lat' dir='ltr'>curn</span> <span class='ocrx_word' id='word_1_107' title='bbox 1195 1573 1274 1638; x_wconf 88' lang='lat' dir='ltr'>disci·</span> 
     </span>
     <span class='ocr_line' id='line_1_13' title="bbox 139 1674 1270 1759; baseline 0.004 -21"><span class='ocrx_word' id='word_1_108' title='bbox 139 1675 224 1758; x_wconf 90' lang='lat' dir='ltr'>pulis</span> <span class='ocrx_word' id='word_1_109' title='bbox 247 1676 313 1738; x_wconf 90' lang='lat' dir='ltr'>suis</span> <span class='ocrx_word' id='word_1_110' title='bbox 336 1674 520 1759; x_wconf 88' lang='lat' dir='ltr'>frequenter</span> <span class='ocrx_word' id='word_1_111' title='bbox 534 1676 721 1754; x_wconf 70' lang='lat' dir='ltr'>intraverat,</span> <span class='ocrx_word' id='word_1_112' title='bbox 745 1675 892 1741; x_wconf 84' lang='lat' dir='ltr'>stillum</span> <span class='ocrx_word' id='word_1_113' title='bbox 914 1678 1020 1742; x_wconf 92' lang='lat' dir='ltr'>locum</span> <span class='ocrx_word' id='word_1_114' title='bbox 1040 1678 1164 1744; x_wconf 87' lang='lat' dir='ltr'>sciebat</span> <span class='ocrx_word' id='word_1_115' title='bbox 1178 1679 1270 1743; x_wconf 84' lang='lat' dir='ltr'>Judas.</span> 
     </span>
     <span class='ocr_line' id='line_1_14' title="bbox 137 1780 1269 1863; baseline 0.003 -20"><span class='ocrx_word' id='word_1_116' title='bbox 137 1780 178 1843; x_wconf 85' lang='lat' dir='ltr'>Et</span> <span class='ocrx_word' id='word_1_117' title='bbox 201 1802 274 1845; x_wconf 89' lang='lat' dir='ltr'>cum</span> <span class='ocrx_word' id='word_1_118' title='bbox 295 1780 490 1863; x_wconf 87' lang='lat' dir='ltr'>pervenisset</span> <span class='ocrx_word' id='word_1_119' title='bbox 511 1780 551 1843; x_wconf 89' lang='lat' dir='ltr'>ad</span> <span class='ocrx_word' id='word_1_120' title='bbox 574 1781 689 1857; x_wconf 85' lang='lat' dir='ltr'>locum,</span> <span class='ocrx_word' id='word_1_121' title='bbox 711 1783 883 1845; x_wconf 90' lang='lat' dir='ltr'>secundum</span> <span class='ocrx_word' id='word_1_122' title='bbox 896 1781 1063 1848; x_wconf 86' lang='lat' dir='ltr'>Matheum</span> <span class='ocrx_word' id='word_1_123' title='bbox 1086 1785 1171 1848; x_wconf 88' lang='lat' dir='ltr'>dixit</span> <span class='ocrx_word' id='word_1_124' title='bbox 1192 1784 1269 1848; x_wconf 89' lang='lat' dir='ltr'>disci·</span> 
     </span>
     <span class='ocr_line' id='line_1_15' title="bbox 137 1885 1269 1970; baseline 0.002 -20"><span class='ocrx_word' id='word_1_125' title='bbox 137 1886 222 1970; x_wconf 89' lang='lat' dir='ltr'>pulis</span> <span class='ocrx_word' id='word_1_126' title='bbox 244 1887 327 1950; x_wconf 89' lang='lat' dir='ltr'>suis:</span> <span class='ocrx_word' id='word_1_127' title='bbox 350 1885 462 1950; x_wconf 85' lang='lat' dir='ltr'>Sedete</span> <span class='ocrx_word' id='word_1_128' title='bbox 484 1885 547 1966; x_wconf 81' lang='lat' dir='ltr'>hic,</span> <span class='ocrx_word' id='word_1_129' title='bbox 571 1887 668 1951; x_wconf 90' lang='lat' dir='ltr'>donec</span> <span class='ocrx_word' id='word_1_130' title='bbox 683 1887 796 1952; x_wconf 84' lang='lat' dir='ltr'>vadam</span> <span class='ocrx_word' id='word_1_131' title='bbox 815 1887 893 1953; x_wconf 92' lang='lat' dir='ltr'>illuc</span> <span class='ocrx_word' id='word_1_132' title='bbox 915 1895 947 1953; x_wconf 89' lang='lat' dir='ltr'>et</span> <span class='ocrx_word' id='word_1_133' title='bbox 970 1909 1070 1954; x_wconf 87' lang='lat' dir='ltr'>orem.</span> <span class='ocrx_word' id='word_1_134' title='bbox 1120 1890 1162 1954; x_wconf 75' lang='lat' dir='ltr'>Et</span> <span class='ocrx_word' id='word_1_135' title='bbox 1176 1911 1269 1954; x_wconf 87' lang='lat' dir='ltr'>secun-</span> 
     </span>
     <span class='ocr_line' id='line_1_16' title="bbox 137 1989 1267 2078; baseline 0.003 -24"><span class='ocrx_word' id='word_1_136' title='bbox 137 1992 209 2055; x_wconf 90' lang='lat' dir='ltr'>dum</span> <span class='ocrx_word' id='word_1_137' title='bbox 227 1991 343 2055; x_wconf 84' lang='lat' dir='ltr'>Lucam</span> <span class='ocrx_word' id='word_1_138' title='bbox 359 1991 441 2054; x_wconf 85' lang='lat' dir='ltr'>dixit</span> <span class='ocrx_word' id='word_1_139' title='bbox 456 1991 619 2056; x_wconf 89' lang='lat' dir='ltr'>omnibus:</span> <span class='ocrx_word' id='word_1_140' title='bbox 640 1989 748 2071; x_wconf 76' lang='lat' dir='ltr'>Orate¹</span> <span class='ocrx_word' id='word_1_141' title='bbox 770 2013 810 2055; x_wconf 89' lang='lat' dir='ltr'>ne</span> <span class='ocrx_word' id='word_1_142' title='bbox 830 1993 958 2057; x_wconf 90' lang='lat' dir='ltr'>intretis</span> <span class='ocrx_word' id='word_1_143' title='bbox 981 1995 1016 2057; x_wconf 93' lang='lat' dir='ltr'>in</span> <span class='ocrx_word' id='word_1_144' title='bbox 1032 1996 1267 2078; x_wconf 85' lang='lat' dir='ltr'>temptationem,</span> 
     </span>
     <span class='ocr_line' id='line_1_17' title="bbox 136 2084 1266 2181; baseline 0.003 -21"><span class='ocrx_word' id='word_1_145' title='bbox 136 2097 212 2181; x_wconf 90' lang='lat' dir='ltr'>quia</span> <span class='ocrx_word' id='word_1_146' title='bbox 234 2097 392 2160; x_wconf 88' lang='lat' dir='ltr'>terribilia</span> <span class='ocrx_word' id='word_1_147' title='bbox 413 2096 563 2160; x_wconf 87' lang='lat' dir='ltr'>videbitis</span> <span class='ocrx_word' id='word_1_148' title='bbox 591 2119 642 2160; x_wconf 88' lang='lat' dir='ltr'>me</span> <span class='ocrx_word' id='word_1_149' title='bbox 670 2096 749 2162; x_wconf 87' lang='lat' dir='ltr'>fieri.</span> <span class='ocrx_word' id='word_1_150' title='bbox 797 2097 838 2160; x_wconf 81' lang='lat' dir='ltr'>Et</span> <span class='ocrx_word' id='word_1_151' title='bbox 866 2100 1040 2164; x_wconf 87' lang='lat' dir='ltr'>secundum</span> <span class='ocrx_word' id='word_1_152' title='bbox 1063 2084 1203 2166; x_wconf 79' lang='lat' dir='ltr'>Marcum</span> <span class='ocrx_word' id='word_1_153' title='bbox 1229 2121 1266 2163; x_wconf 89' lang='lat' dir='ltr'>as-</span> 
     </span>
     <span class='ocr_line' id='line_1_18' title="bbox 136 2199 1263 2285; baseline 0.002 -21"><span class='ocrx_word' id='word_1_154' title='bbox 136 2203 273 2285; x_wconf 91' lang='lat' dir='ltr'>sumpsit</span> <span class='ocrx_word' id='word_1_155' title='bbox 295 2201 437 2280; x_wconf 76' lang='lat' dir='ltr'>Petrum,</span> <span class='ocrx_word' id='word_1_156' title='bbox 458 2199 615 2266; x_wconf 90' lang='lat' dir='ltr'>Jacobum</span> <span class='ocrx_word' id='word_1_157' title='bbox 637 2204 669 2264; x_wconf 88' lang='lat' dir='ltr'>et</span> <span class='ocrx_word' id='word_1_158' title='bbox 691 2200 888 2282; x_wconf 72' lang='lat' dir='ltr'>lobrensem,</span> <span class='ocrx_word' id='word_1_159' title='bbox 918 2203 976 2268; x_wconf 85' lang='lat' dir='ltr'>olii</span> <span class='ocrx_word' id='word_1_160' title='bbox 1000 2226 1075 2270; x_wconf 85' lang='lat' dir='ltr'>vero</span> <span class='ocrx_word' id='word_1_161' title='bbox 1098 2209 1170 2271; x_wconf 85' lang='lat' dir='ltr'>octo</span> <span class='ocrx_word' id='word_1_162' title='bbox 1190 2204 1263 2269; x_wconf 89' lang='lat' dir='ltr'>disci·</span> 
     </span>
     <span class='ocr_line' id='line_1_19' title="bbox 135 2306 1262 2390; baseline 0 -20"><span class='ocrx_word' id='word_1_163' title='bbox 135 2307 204 2390; x_wconf 91' lang='lat' dir='ltr'>puli</span> <span class='ocrx_word' id='word_1_164' title='bbox 227 2312 412 2372; x_wconf 89' lang='lat' dir='ltr'>manserunt</span> <span class='ocrx_word' id='word_1_165' title='bbox 434 2307 467 2370; x_wconf 91' lang='lat' dir='ltr'>in</span> <span class='ocrx_word' id='word_1_166' title='bbox 489 2311 561 2370; x_wconf 91' lang='lat' dir='ltr'>orto</span> <span class='ocrx_word' id='word_1_167' title='bbox 585 2306 789 2371; x_wconf 87' lang='lat' dir='ltr'>Gethsemani</span> <span class='ocrx_word' id='word_1_168' title='bbox 815 2358 821 2371; x_wconf 94' lang='lat'>.</span> <span class='ocrx_word' id='word_1_169' title='bbox 847 2360 854 2374; x_wconf 93' lang='lat'>.</span> <span class='ocrx_word' id='word_1_170' title='bbox 879 2357 887 2371; x_wconf 90' lang='lat'><strong>.</strong></span> <span class='ocrx_word' id='word_1_171' title='bbox 912 2309 953 2372; x_wconf 81' lang='lat' dir='ltr'>Et</span> <span class='ocrx_word' id='word_1_172' title='bbox 983 2309 1018 2373; x_wconf 89' lang='lat' dir='ltr'>in</span> <span class='ocrx_word' id='word_1_173' title='bbox 1052 2310 1111 2374; x_wconf 94' lang='lat' dir='ltr'>illo</span> <span class='ocrx_word' id='word_1_174' title='bbox 1133 2311 1198 2376; x_wconf 93' lang='lat' dir='ltr'>loco</span> <span class='ocrx_word' id='word_1_175' title='bbox 1216 2309 1262 2372; x_wconf 90' lang='lat' dir='ltr'>fuil</span> 
     </span>
     <span class='ocr_line' id='line_1_20' title="bbox 137 2411 1260 2500; baseline 0.001 -26"><span class='ocrx_word' id='word_1_176' title='bbox 137 2411 215 2476; x_wconf 92' lang='lat' dir='ltr'>olim</span> <span class='ocrx_word' id='word_1_177' title='bbox 238 2412 368 2476; x_wconf 86' lang='lat' dir='ltr'>ecclesia</span> <span class='ocrx_word' id='word_1_178' title='bbox 390 2414 588 2490; x_wconf 83' lang='lat' dir='ltr'>constructo,</span> <span class='ocrx_word' id='word_1_179' title='bbox 619 2413 671 2476; x_wconf 88' lang='lat' dir='ltr'>sed</span> <span class='ocrx_word' id='word_1_180' title='bbox 707 2412 798 2477; x_wconf 91' lang='lat' dir='ltr'>modo</span> <span class='ocrx_word' id='word_1_181' title='bbox 820 2412 967 2478; x_wconf 77' lang='lat' dir='ltr'>totaliter</span> <span class='ocrx_word' id='word_1_182' title='bbox 990 2415 1168 2496; x_wconf 88' lang='lat' dir='ltr'>destructa,</span> <span class='ocrx_word' id='word_1_183' title='bbox 1199 2413 1260 2500; x_wconf 90' lang='lat' dir='ltr'>quod</span> 
     </span>
    </p>
   </div>
   <div class='ocr_carea' id='block_1_3' title="bbox 134 2517 1257 3130">
    <p class='ocr_par' dir='ltr' id='par_1_3' title="bbox 134 2517 1257 3130">
     <span class='ocr_line' id='line_1_21' title="bbox 136 2517 739 2603; baseline 0.007 -23"><span class='ocrx_word' id='word_1_184' title='bbox 136 2517 189 2580; x_wconf 84' lang='lat' dir='ltr'>vix</span> <span class='ocrx_word' id='word_1_185' title='bbox 211 2518 360 2582; x_wconf 85' lang='lat' dir='ltr'>videntur</span> <span class='ocrx_word' id='word_1_186' title='bbox 381 2518 517 2603; x_wconf 82' lang='lat' dir='ltr'>vestigia</span> <span class='ocrx_word' id='word_1_187' title='bbox 539 2539 703 2582; x_wconf 85' lang='lat' dir='ltr'>murorum</span> <span class='ocrx_word' id='word_1_188' title='bbox 716 2517 739 2584; x_wconf 81' lang='lat'>⁸.</span> 
     </span>
     <span class='ocr_line' id='line_1_22' title="bbox 282 2621 1144 2707; baseline 0.007 -22"><span class='ocrx_word' id='word_1_189' title='bbox 282 2621 330 2686; x_wconf 91' lang='lat' dir='ltr'>De</span> <span class='ocrx_word' id='word_1_190' title='bbox 351 2622 432 2701; x_wconf 89' lang='lat' dir='ltr'>loco,</span> <span class='ocrx_word' id='word_1_191' title='bbox 454 2623 510 2687; x_wconf 95' lang='lat' dir='ltr'>ubi</span> <span class='ocrx_word' id='word_1_192' title='bbox 534 2623 730 2687; x_wconf 88' lang='lat' dir='ltr'>dormierunt</span> <span class='ocrx_word' id='word_1_193' title='bbox 752 2625 819 2686; x_wconf 86' lang='lat' dir='ltr'>tres</span> <span class='ocrx_word' id='word_1_194' title='bbox 840 2624 988 2707; x_wconf 90' lang='lat' dir='ltr'>discipuli</span> <span class='ocrx_word' id='word_1_195' title='bbox 1012 2626 1144 2691; x_wconf 90' lang='lat' dir='ltr'>domini.</span> 
     </span>
     <span class='ocr_line' id='line_1_23' title="bbox 223 2727 1256 2813; baseline 0 -22"><span class='ocrx_word' id='word_1_196' title='bbox 223 2727 399 2813; x_wconf 84' lang='lat' dir='ltr'>[Christus]</span> <span class='ocrx_word' id='word_1_197' title='bbox 416 2749 602 2812; x_wconf 86' lang='lat' dir='ltr'>progressus</span> <span class='ocrx_word' id='word_1_198' title='bbox 625 2734 674 2792; x_wconf 88' lang='lat' dir='ltr'>est</span> <span class='ocrx_word' id='word_1_199' title='bbox 689 2727 785 2806; x_wconf 84' lang='lat' dir='ltr'>ultra,</span> <span class='ocrx_word' id='word_1_200' title='bbox 808 2731 841 2792; x_wconf 86' lang='lat' dir='ltr'>et</span> <span class='ocrx_word' id='word_1_201' title='bbox 855 2731 984 2794; x_wconf 88' lang='lat' dir='ltr'>secessit</span> <span class='ocrx_word' id='word_1_202' title='bbox 1006 2731 1047 2794; x_wconf 88' lang='lat' dir='ltr'>ad</span> <span class='ocrx_word' id='word_1_203' title='bbox 1062 2753 1189 2796; x_wconf 86' lang='lat' dir='ltr'>manum</span> <span class='ocrx_word' id='word_1_204' title='bbox 1201 2730 1256 2793; x_wconf 83' lang='lat' dir='ltr'>dex·</span> 
     </span>
     <span class='ocr_line' id='line_1_24' title="bbox 134 2833 1256 2916; baseline -0.004 -18"><span class='ocrx_word' id='word_1_205' title='bbox 134 2840 227 2914; x_wconf 84' lang='lat' dir='ltr'>tram,</span> <span class='ocrx_word' id='word_1_206' title='bbox 250 2841 282 2900; x_wconf 91' lang='lat' dir='ltr'>et</span> <span class='ocrx_word' id='word_1_207' title='bbox 303 2835 463 2898; x_wconf 89' lang='lat' dir='ltr'>modicum</span> <span class='ocrx_word' id='word_1_208' title='bbox 484 2834 582 2897; x_wconf 86' lang='lat' dir='ltr'>altius</span> <span class='ocrx_word' id='word_1_209' title='bbox 603 2834 745 2898; x_wconf 85' lang='lat' dir='ltr'>ascendit</span> <span class='ocrx_word' id='word_1_210' title='bbox 767 2834 801 2897; x_wconf 93' lang='lat' dir='ltr'>in</span> <span class='ocrx_word' id='word_1_211' title='bbox 824 2840 965 2899; x_wconf 90' lang='lat' dir='ltr'>montem</span> <span class='ocrx_word' id='word_1_212' title='bbox 987 2834 1116 2916; x_wconf 78' lang='lat' dir='ltr'>oliveti,</span> <span class='ocrx_word' id='word_1_213' title='bbox 1138 2842 1169 2901; x_wconf 87' lang='lat' dir='ltr'>et</span> <span class='ocrx_word' id='word_1_214' title='bbox 1189 2833 1256 2899; x_wconf 84' lang='lat' dir='ltr'>duxit</span> 
     </span>
     <span class='ocr_line' id='line_1_25' title="bbox 134 2935 1257 3023; baseline 0 -20"><span class='ocrx_word' id='word_1_215' title='bbox 134 2939 207 3004; x_wconf 87' lang='lat' dir='ltr'>illos</span> <span class='ocrx_word' id='word_1_216' title='bbox 229 2945 295 3004; x_wconf 88' lang='lat' dir='ltr'>tres</span> <span class='ocrx_word' id='word_1_217' title='bbox 318 2940 489 3023; x_wconf 89' lang='lat' dir='ltr'>discipulos</span> <span class='ocrx_word' id='word_1_218' title='bbox 511 2939 602 3003; x_wconf 80' lang='lat' dir='ltr'>iuxta</span> <span class='ocrx_word' id='word_1_219' title='bbox 625 2962 724 3003; x_wconf 87' lang='lat' dir='ltr'>unum</span> <span class='ocrx_word' id='word_1_220' title='bbox 747 2960 900 3022; x_wconf 83' lang='lat' dir='ltr'>magnum</span> <span class='ocrx_word' id='word_1_221' title='bbox 924 2963 1038 3006; x_wconf 87' lang='lat' dir='ltr'>saxum</span> <span class='ocrx_word' id='word_1_222' title='bbox 1052 2941 1233 3006; x_wconf 85' lang='lat' dir='ltr'>immobilem</span> <span class='ocrx_word' id='word_1_223' title='bbox 1242 2935 1257 3012; x_wconf 75' lang='lat'>⁴,</span> 
     </span>
     <span class='ocr_line' id='line_1_26' title="bbox 135 3046 749 3130; baseline 0.003 -21"><span class='ocrx_word' id='word_1_224' title='bbox 135 3047 189 3130; x_wconf 90' lang='lat' dir='ltr'>qui</span> <span class='ocrx_word' id='word_1_225' title='bbox 212 3046 305 3110; x_wconf 85' lang='lat' dir='ltr'>hodie</span> <span class='ocrx_word' id='word_1_226' title='bbox 327 3048 461 3129; x_wconf 86' lang='lat' dir='ltr'>apparet</span> <span class='ocrx_word' id='word_1_227' title='bbox 483 3047 516 3108; x_wconf 90' lang='lat' dir='ltr'>in</span> <span class='ocrx_word' id='word_1_228' title='bbox 539 3047 649 3110; x_wconf 86' lang='lat' dir='ltr'>eodem</span> <span class='ocrx_word' id='word_1_229' title='bbox 671 3046 749 3111; x_wconf 90' lang='lat' dir='ltr'>loco.</span> 
     </span>
    </p>
   </div>
   <div class='ocr_carea' id='block_1_4' title="bbox 699 3188 718 3222">
    <p class='ocr_par' dir='ltr' id='par_1_4' title="bbox 699 3188 718 3222">
     <span class='ocr_line' id='line_1_27' title="bbox 699 3188 718 3222; baseline 0 0"><span class='ocrx_word' id='word_1_230' title='bbox 699 3188 718 3222; x_wconf 57' lang='grc' dir='ltr'><strong>ἱ</strong></span> 
     </span>
    </p>
   </div>
   <div class='ocr_carea' id='block_1_5' title="bbox 130 3285 1309 4483">
    <p class='ocr_par' dir='ltr' id='par_1_5' title="bbox 133 3285 1256 3445">
     <span class='ocr_line' id='line_1_28' title="bbox 133 3285 1256 3360; baseline 0.001 -19"><span class='ocrx_word' id='word_1_231' title='bbox 133 3288 266 3342; x_wconf 85' lang='lat' dir='ltr'>teilweisc</span> <span class='ocrx_word' id='word_1_232' title='bbox 283 3288 354 3342; x_wconf 83' lang='lat' dir='ltr'>auch</span> <span class='ocrx_word' id='word_1_233' title='bbox 380 3287 425 3342; x_wconf 89' lang='lat' dir='ltr'>die</span> <span class='ocrx_word' id='word_1_234' title='bbox 442 3287 619 3356; x_wconf 82' lang='lat' dir='ltr'>darstellung</span> <span class='ocrx_word' id='word_1_235' title='bbox 636 3287 684 3342; x_wconf 85' lang='lat' dir='ltr'>des</span> <span class='ocrx_word' id='word_1_236' title='bbox 702 3287 799 3341; x_wconf 85' lang='lat' dir='ltr'>kindes</span> <span class='ocrx_word' id='word_1_237' title='bbox 817 3287 905 3342; x_wconf 87' lang='lat' dir='ltr'>Josus.</span> <span class='ocrx_word' id='word_1_238' title='bbox 941 3287 1031 3355; x_wconf 74' lang='lat' dir='ltr'>Tobl„</span> <span class='ocrx_word' id='word_1_239' title='bbox 1051 3289 1120 3360; x_wconf 85' lang='lat' dir='ltr'>Top.</span> <span class='ocrx_word' id='word_1_240' title='bbox 1141 3292 1162 3356; x_wconf 90' lang='lat' dir='ltr'>l,</span> <span class='ocrx_word' id='word_1_241' title='bbox 1180 3291 1224 3345; x_wconf 74' lang='lat'>579</span> <span class='ocrx_word' id='word_1_242' title='bbox 1237 3285 1256 3342; x_wconf 85' lang='lat' dir='ltr'>d.</span> 
     </span>
     <span class='ocr_line' id='line_1_29' title="bbox 133 3373 447 3445; baseline 0.006 -17"><span class='ocrx_word' id='word_1_243' title='bbox 133 3375 214 3445; x_wconf 89' lang='lat' dir='ltr'>Sepp,</span> <span class='ocrx_word' id='word_1_244' title='bbox 232 3375 288 3429; x_wconf 85' lang='lat' dir='ltr'>Jer.</span> <span class='ocrx_word' id='word_1_245' title='bbox 308 3375 331 3438; x_wconf 86' lang='lat'>1,</span> <span class='ocrx_word' id='word_1_246' title='bbox 349 3376 401 3428; x_wconf 83' lang='lat'>402</span> <span class='ocrx_word' id='word_1_247' title='bbox 419 3373 447 3430; x_wconf 86' lang='lat' dir='ltr'>ff.</span> 
     </span>
    </p>

    <p class='ocr_par' dir='ltr' id='par_1_6' title="bbox 130 3462 1309 4483">
     <span class='ocr_line' id='line_1_30' title="bbox 204 3462 1258 3527; baseline -0.001 -10"><span class='ocrx_word' id='word_1_248' title='bbox 204 3465 218 3517; x_wconf 94' lang='lat' dir='ltr'>l</span> <span class='ocrx_word' id='word_1_249' title='bbox 239 3463 333 3518; x_wconf 86' lang='lat' dir='ltr'>Disses</span> <span class='ocrx_word' id='word_1_250' title='bbox 350 3463 454 3517; x_wconf 85' lang='lat' dir='ltr'>werfen</span> <span class='ocrx_word' id='word_1_251' title='bbox 473 3463 525 3516; x_wconf 88' lang='lat' dir='ltr'>mit</span> <span class='ocrx_word' id='word_1_252' title='bbox 543 3463 660 3527; x_wconf 82' lang='lat' dir='ltr'>stoinen,</span> <span class='ocrx_word' id='word_1_253' title='bbox 679 3463 796 3519; x_wconf 85' lang='lat' dir='ltr'>welches</span> <span class='ocrx_word' id='word_1_254' title='bbox 808 3464 893 3519; x_wconf 89' lang='lat' dir='ltr'>heuto</span> <span class='ocrx_word' id='word_1_255' title='bbox 914 3465 985 3520; x_wconf 89' lang='lat' dir='ltr'>noch</span> <span class='ocrx_word' id='word_1_256' title='bbox 1005 3464 1074 3520; x_wconf 87' lang='lat' dir='ltr'>sitto</span> <span class='ocrx_word' id='word_1_257' title='bbox 1093 3467 1131 3521; x_wconf 88' lang='lat' dir='ltr'>ist</span> <span class='ocrx_word' id='word_1_258' title='bbox 1150 3497 1181 3507; x_wconf 90' lang='lat'>-·</span> <span class='ocrx_word' id='word_1_259' title='bbox 1198 3462 1258 3520; x_wconf 86' lang='lat' dir='ltr'>Totl.</span> 
     </span>
     <span class='ocr_line' id='line_1_31' title="bbox 133 3547 1259 3620; baseline -0.003 -15"><span class='ocrx_word' id='word_1_260' title='bbox 133 3551 330 3620; x_wconf 85' lang='lat' dir='ltr'>Siloahquellc,</span> <span class='ocrx_word' id='word_1_261' title='bbox 349 3551 409 3612; x_wconf 78' lang='lat'><strong>277,</strong></span> <span class='ocrx_word' id='word_1_262' title='bbox 427 3550 507 3620; x_wconf 64' lang='lat' dir='ltr'>Sepp,</span> <span class='ocrx_word' id='word_1_263' title='bbox 526 3551 581 3605; x_wconf 82' lang='lat' dir='ltr'>Jer.</span> <span class='ocrx_word' id='word_1_264' title='bbox 600 3552 621 3617; x_wconf 91' lang='lat' dir='ltr'>l,</span> <span class='ocrx_word' id='word_1_265' title='bbox 641 3552 691 3605; x_wconf 89' lang='lat' dir='ltr'>‘lll</span> <span class='ocrx_word' id='word_1_266' title='bbox 713 3582 755 3616; x_wconf 91' lang='lat'>-,</span> <span class='ocrx_word' id='word_1_267' title='bbox 773 3551 922 3606; x_wconf 68' lang='lat' dir='ltr'>erwahnen</span> <span class='ocrx_word' id='word_1_268' title='bbox 934 3552 1007 3606; x_wconf 91' lang='lat' dir='ltr'>auch</span> <span class='ocrx_word' id='word_1_269' title='bbox 1021 3552 1107 3613; x_wconf 76' lang='lat' dir='ltr'>Fabri</span> <span class='ocrx_word' id='word_1_270' title='bbox 1120 3554 1140 3618; x_wconf 85' lang='grc' dir='ltr'>Ι,</span> <span class='ocrx_word' id='word_1_271' title='bbox 1153 3555 1202 3609; x_wconf 80' lang='grc'>409</span> <span class='ocrx_word' id='word_1_272' title='bbox 1220 3547 1259 3605; x_wconf 86' lang='lat' dir='ltr'>ord</span> 
     </span>
     <span class='ocr_line' id='line_1_32' title="bbox 132 3627 1259 3710; baseline 0 -20"><span class='ocrx_word' id='word_1_273' title='bbox 132 3638 247 3700; x_wconf 81' lang='lat' dir='ltr'>Tuoher,</span> <span class='ocrx_word' id='word_1_274' title='bbox 266 3635 374 3706; x_wconf 75' lang='lat' dir='ltr'>lteyssb.</span> <span class='ocrx_word' id='word_1_275' title='bbox 388 3627 448 3692; x_wconf 83' lang='grc'><strong>666.</strong></span> <span class='ocrx_word' id='word_1_276' title='bbox 484 3637 535 3691; x_wconf 88' lang='lat' dir='ltr'>Die</span> <span class='ocrx_word' id='word_1_277' title='bbox 553 3637 717 3707; x_wconf 83' lang='lat' dir='ltr'>richtigkeit</span> <span class='ocrx_word' id='word_1_278' title='bbox 736 3637 784 3691; x_wconf 89' lang='lat' dir='ltr'>der</span> <span class='ocrx_word' id='word_1_279' title='bbox 797 3637 946 3703; x_wconf 74' lang='lat' dir='ltr'>tradition,</span> <span class='ocrx_word' id='word_1_280' title='bbox 965 3639 1031 3694; x_wconf 85' lang='lat' dir='ltr'>dass</span> <span class='ocrx_word' id='word_1_281' title='bbox 1049 3641 1112 3696; x_wconf 85' lang='lat' dir='ltr'>hier</span> <span class='ocrx_word' id='word_1_282' title='bbox 1129 3641 1179 3696; x_wconf 84' lang='lat' dir='ltr'>das</span> <span class='ocrx_word' id='word_1_283' title='bbox 1196 3638 1259 3710; x_wconf 78' lang='lat' dir='ltr'>grat</span> 
     </span>
     <span class='ocr_line' id='line_1_33' title="bbox 133 3724 1258 3799; baseline 0.006 -20"><span class='ocrx_word' id='word_1_284' title='bbox 133 3725 192 3779; x_wconf 84' lang='lat' dir='ltr'>mal</span> <span class='ocrx_word' id='word_1_285' title='bbox 210 3724 258 3779; x_wconf 91' lang='lat' dir='ltr'>des</span> <span class='ocrx_word' id='word_1_286' title='bbox 272 3724 488 3793; x_wconf 79' lang='lat' dir='ltr'>unglr&#39;rcklichen</span> <span class='ocrx_word' id='word_1_287' title='bbox 500 3725 599 3781; x_wconf 87' lang='lat' dir='ltr'>sohnos</span> <span class='ocrx_word' id='word_1_288' title='bbox 614 3744 669 3781; x_wconf 86' lang='lat' dir='ltr'>von</span> <span class='ocrx_word' id='word_1_289' title='bbox 684 3725 774 3778; x_wconf 85' lang='lat' dir='ltr'>David</span> <span class='ocrx_word' id='word_1_290' title='bbox 791 3744 825 3778; x_wconf 83' lang='lat' dir='ltr'>zu</span> <span class='ocrx_word' id='word_1_291' title='bbox 843 3726 946 3781; x_wconf 83' lang='lat' dir='ltr'>sochen</span> <span class='ocrx_word' id='word_1_292' title='bbox 963 3727 1011 3791; x_wconf 88' lang='lat' dir='ltr'>sei,</span> <span class='ocrx_word' id='word_1_293' title='bbox 1032 3729 1185 3799; x_wconf 78' lang='lat' dir='ltr'>vertoidigt</span> <span class='ocrx_word' id='word_1_294' title='bbox 1196 3727 1258 3798; x_wconf 74' lang='lat' dir='ltr'>Sepp,</span> 
     </span>
     <span class='ocr_line' id='line_1_34' title="bbox 132 3812 1261 3885; baseline -0.001 -17"><span class='ocrx_word' id='word_1_295' title='bbox 132 3814 188 3868; x_wconf 89' lang='lat' dir='ltr'>Jer.</span> <span class='ocrx_word' id='word_1_296' title='bbox 207 3813 229 3876; x_wconf 88' lang='lat'>1,</span> <span class='ocrx_word' id='word_1_297' title='bbox 248 3814 299 3868; x_wconf 68' lang='lat'>276</span> <span class='ocrx_word' id='word_1_298' title='bbox 318 3812 347 3869; x_wconf 85' lang='lat' dir='ltr'>ff.</span> <span class='ocrx_word' id='word_1_299' title='bbox 381 3812 466 3869; x_wconf 82' lang='lat' dir='ltr'>Baed.</span> <span class='ocrx_word' id='word_1_300' title='bbox 487 3814 538 3868; x_wconf 83' lang='lat'>108</span> <span class='ocrx_word' id='word_1_301' title='bbox 555 3813 710 3868; x_wconf 80' lang='lat' dir='ltr'>besweifelt</span> <span class='ocrx_word' id='word_1_302' title='bbox 728 3812 775 3869; x_wconf 89' lang='lat' dir='ltr'>sie.</span> <span class='ocrx_word' id='word_1_303' title='bbox 866 3813 952 3868; x_wconf 77' lang='lat' dir='ltr'>anie</span> <span class='ocrx_word' id='word_1_304' title='bbox 979 3815 1103 3885; x_wconf 81' lang='lat' dir='ltr'>richtige</span> <span class='ocrx_word' id='word_1_305' title='bbox 1120 3817 1261 3880; x_wconf 81' lang='lat' dir='ltr'>bedeutnng</span> 
     </span>
     <span class='ocr_line' id='line_1_35' title="bbox 132 3901 1309 3972; baseline 0.003 -18"><span class='ocrx_word' id='word_1_306' title='bbox 132 3920 188 3957; x_wconf 83' lang='lat' dir='ltr'>ron</span> <span class='ocrx_word' id='word_1_307' title='bbox 206 3901 388 3956; x_wconf 85' lang='lat' dir='ltr'>Gethsemani</span> <span class='ocrx_word' id='word_1_308' title='bbox 405 3901 444 3955; x_wconf 85' lang='lat' dir='ltr'>ist</span> <span class='ocrx_word' id='word_1_309' title='bbox 462 3902 588 3965; x_wconf 78' lang='lat' dir='ltr'>olkeltsr,</span> <span class='ocrx_word' id='word_1_310' title='bbox 607 3902 742 3972; x_wconf 75' lang='lat' dir='ltr'>dlpressc;</span> <span class='ocrx_word' id='word_1_311' title='bbox 761 3918 789 3957; x_wconf 86' lang='lat' dir='ltr'>es</span> <span class='ocrx_word' id='word_1_312' title='bbox 803 3902 891 3957; x_wconf 83' lang='lat' dir='ltr'>findet</span> <span class='ocrx_word' id='word_1_313' title='bbox 909 3902 968 3956; x_wconf 90' lang='lat' dir='ltr'>sich</span> <span class='ocrx_word' id='word_1_314' title='bbox 987 3903 1057 3958; x_wconf 87' lang='lat' dir='ltr'>aber</span> <span class='ocrx_word' id='word_1_315' title='bbox 1077 3904 1150 3959; x_wconf 89' lang='lat' dir='ltr'>auch</span> <span class='ocrx_word' id='word_1_316' title='bbox 1169 3905 1211 3959; x_wconf 89' lang='lat' dir='ltr'>die</span> <span class='ocrx_word' id='word_1_317' title='bbox 1223 3917 1261 3956; x_wconf 81' lang='lat' dir='ltr'>vor</span> <span class='ocrx_word' id='word_1_318' title='bbox 1307 3922 1309 3958; x_wconf 78' lang='grc' dir='ltr'>ε</span> 
     </span>
     <span class='ocr_line' id='line_1_36' title="bbox 131 3979 1309 4060; baseline 0.003 -19"><span class='ocrx_word' id='word_1_319' title='bbox 131 3989 262 4044; x_wconf 84' lang='lat' dir='ltr'>Walther</span> <span class='ocrx_word' id='word_1_320' title='bbox 274 3989 415 4058; x_wconf 81' lang='lat' dir='ltr'>gegebcne</span> <span class='ocrx_word' id='word_1_321' title='bbox 426 3989 581 4059; x_wconf 69' lang='lat' dir='ltr'>erklarung</span> <span class='ocrx_word' id='word_1_322' title='bbox 591 3990 685 4044; x_wconf 74' lang='lat' dir='ltr'>osters.</span> <span class='ocrx_word' id='word_1_323' title='bbox 756 3989 773 4044; x_wconf 88' lang='grc'><strong>3</strong></span> <span class='ocrx_word' id='word_1_324' title='bbox 792 3990 928 4044; x_wconf 82' lang='lat' dir='ltr'>Aehnlich</span> <span class='ocrx_word' id='word_1_325' title='bbox 948 3989 1004 4044; x_wconf 84' lang='lat' dir='ltr'>alle</span> <span class='ocrx_word' id='word_1_326' title='bbox 1016 3991 1111 4060; x_wconf 80' lang='lat' dir='ltr'>pilger</span> <span class='ocrx_word' id='word_1_327' title='bbox 1129 4008 1179 4046; x_wconf 80' lang='lat' dir='ltr'>aus</span> <span class='ocrx_word' id='word_1_328' title='bbox 1192 3989 1260 4044; x_wconf 69' lang='lat' dir='ltr'>diescr</span> <span class='ocrx_word' id='word_1_329' title='bbox 1307 3979 1309 3985; x_wconf 59' lang='grc'><em>’</em></span> 
     </span>
     <span class='ocr_line' id='line_1_37' title="bbox 131 4073 1260 4146; baseline -0.004 -16"><span class='ocrx_word' id='word_1_330' title='bbox 131 4077 189 4130; x_wconf 89' lang='lat' dir='ltr'>und</span> <span class='ocrx_word' id='word_1_331' title='bbox 207 4078 257 4131; x_wconf 89' lang='lat' dir='ltr'>der</span> <span class='ocrx_word' id='word_1_332' title='bbox 276 4078 405 4146; x_wconf 65' lang='lat' dir='ltr'>spotsren</span> <span class='ocrx_word' id='word_1_333' title='bbox 424 4077 487 4132; x_wconf 84' lang='lat' dir='ltr'>zeit.</span> <span class='ocrx_word' id='word_1_334' title='bbox 524 4077 586 4131; x_wconf 92' lang='lat' dir='ltr'>Von</span> <span class='ocrx_word' id='word_1_335' title='bbox 605 4076 681 4131; x_wconf 88' lang='lat' dir='ltr'>einer</span> <span class='ocrx_word' id='word_1_336' title='bbox 698 4077 795 4131; x_wconf 83' lang='lat' dir='ltr'>kirche</span> <span class='ocrx_word' id='word_1_337' title='bbox 825 4095 862 4131; x_wconf 83' lang='lat' dir='ltr'>an</span> <span class='ocrx_word' id='word_1_338' title='bbox 880 4077 970 4132; x_wconf 82' lang='lat' dir='ltr'>dieser</span> <span class='ocrx_word' id='word_1_339' title='bbox 987 4078 1073 4133; x_wconf 86' lang='lat' dir='ltr'>stelle</span> <span class='ocrx_word' id='word_1_340' title='bbox 1090 4077 1162 4134; x_wconf 83' lang='lat' dir='ltr'>weiss</span> <span class='ocrx_word' id='word_1_341' title='bbox 1180 4073 1260 4132; x_wconf 85' lang='lat' dir='ltr'>bereits</span> 
     </span>
     <span class='ocr_line' id='line_1_38' title="bbox 133 4163 1259 4235; baseline 0 -18"><span class='ocrx_word' id='word_1_342' title='bbox 133 4164 317 4232; x_wconf 84' lang='lat' dir='ltr'>Hieronymus</span> <span class='ocrx_word' id='word_1_343' title='bbox 336 4163 392 4217; x_wconf 91' lang='lat' dir='ltr'>und</span> <span class='ocrx_word' id='word_1_344' title='bbox 413 4165 480 4218; x_wconf 83' lang='lat' dir='ltr'>hod.</span> <span class='ocrx_word' id='word_1_345' title='bbox 499 4181 525 4218; x_wconf 81' lang='lat' dir='ltr'>r.</span> <span class='ocrx_word' id='word_1_346' title='bbox 538 4163 624 4219; x_wconf 87' lang='lat' dir='ltr'>Sudh.</span> <span class='ocrx_word' id='word_1_347' title='bbox 636 4164 776 4219; x_wconf 84' lang='lat' dir='ltr'>berichtet</span> <span class='ocrx_word' id='word_1_348' title='bbox 788 4165 836 4218; x_wconf 78' lang='lat'>82:</span> <span class='ocrx_word' id='word_1_349' title='bbox 859 4164 909 4218; x_wconf 83' lang='lat' dir='ltr'>»ln</span> <span class='ocrx_word' id='word_1_350' title='bbox 927 4164 988 4220; x_wconf 91' lang='lat' dir='ltr'>loco</span> <span class='ocrx_word' id='word_1_351' title='bbox 1007 4184 1064 4235; x_wconf 91' lang='lat' dir='ltr'>quo</span> <span class='ocrx_word' id='word_1_352' title='bbox 1077 4166 1198 4221; x_wconf 86' lang='lat' dir='ltr'>Christus</span> <span class='ocrx_word' id='word_1_353' title='bbox 1214 4178 1259 4229; x_wconf 72' lang='lat' dir='ltr'>cap</span> 
     </span>
     <span class='ocr_line' id='line_1_39' title="bbox 130 4249 1258 4323; baseline 0.001 -19"><span class='ocrx_word' id='word_1_354' title='bbox 130 4255 176 4305; x_wconf 88' lang='lat' dir='ltr'>tus</span> <span class='ocrx_word' id='word_1_355' title='bbox 194 4255 264 4313; x_wconf 85' lang='lat' dir='ltr'>erat,</span> <span class='ocrx_word' id='word_1_356' title='bbox 283 4253 400 4321; x_wconf 88' lang='lat' dir='ltr'>pulchra</span> <span class='ocrx_word' id='word_1_357' title='bbox 418 4254 478 4305; x_wconf 84' lang='lat' dir='ltr'>stat</span> <span class='ocrx_word' id='word_1_358' title='bbox 496 4251 625 4314; x_wconf 83' lang='lat' dir='ltr'>ecclesia,</span> <span class='ocrx_word' id='word_1_359' title='bbox 652 4252 682 4305; x_wconf 89' lang='lat' dir='ltr'>in</span> <span class='ocrx_word' id='word_1_360' title='bbox 700 4269 758 4320; x_wconf 85' lang='lat' dir='ltr'>qua</span> <span class='ocrx_word' id='word_1_361' title='bbox 776 4249 918 4306; x_wconf 83' lang='lat' dir='ltr'>Ssrreccni</span> <span class='ocrx_word' id='word_1_362' title='bbox 936 4255 1175 4323; x_wconf 83' lang='lat' dir='ltr'>proptorpascua</span> <span class='ocrx_word' id='word_1_363' title='bbox 1193 4263 1258 4322; x_wconf 83' lang='lat' dir='ltr'>prope</span> 
     </span>
     <span class='ocr_line' id='line_1_40' title="bbox 131 4335 1258 4409; baseline 0.001 -18"><span class='ocrx_word' id='word_1_364' title='bbox 131 4356 205 4393; x_wconf 89' lang='lat' dir='ltr'>nunc</span> <span class='ocrx_word' id='word_1_365' title='bbox 223 4339 371 4393; x_wconf 87' lang='lat' dir='ltr'>includunt</span> <span class='ocrx_word' id='word_1_366' title='bbox 389 4341 511 4409; x_wconf 90' lang='lat' dir='ltr'>ipsorum</span> <span class='ocrx_word' id='word_1_367' title='bbox 530 4356 630 4409; x_wconf 83' lang='lat' dir='ltr'>pecora</span> <span class='ocrx_word' id='word_1_368' title='bbox 656 4343 685 4393; x_wconf 90' lang='lat' dir='ltr'>et</span> <span class='ocrx_word' id='word_1_369' title='bbox 701 4341 856 4409; x_wconf 81' lang='lat' dir='ltr'>jumenta«.</span> <span class='ocrx_word' id='word_1_370' title='bbox 944 4341 962 4393; x_wconf 79' lang='lat'><strong>4</strong></span> <span class='ocrx_word' id='word_1_371' title='bbox 987 4341 1088 4396; x_wconf 81' lang='lat' dir='ltr'>Dicscn</span> <span class='ocrx_word' id='word_1_372' title='bbox 1106 4342 1189 4397; x_wconf 82' lang='lat' dir='ltr'>l&#39;elsen</span> <span class='ocrx_word' id='word_1_373' title='bbox 1204 4335 1258 4392; x_wconf 82' lang='lat' dir='ltr'>finde</span> 
     </span>
     <span class='ocr_line' id='line_1_41' title="bbox 130 4425 521 4483; baseline 0.01 -5"><span class='ocrx_word' id='word_1_374' title='bbox 130 4425 176 4480; x_wconf 81' lang='lat' dir='ltr'>ioh</span> <span class='ocrx_word' id='word_1_375' title='bbox 193 4429 271 4481; x_wconf 88' lang='lat' dir='ltr'>sonst</span> <span class='ocrx_word' id='word_1_376' title='bbox 288 4428 368 4481; x_wconf 89' lang='lat' dir='ltr'>nicht</span> <span class='ocrx_word' id='word_1_377' title='bbox 386 4428 521 4483; x_wconf 70' lang='lat' dir='ltr'>erwthnt</span> 
     </span>
    </p>
   </div>
   <div class='ocr_carea' id='block_1_6' title="bbox 0 0 1426 5070">
    <p class='ocr_par' dir='ltr' id='par_1_7' title="bbox 0 0 1426 5070">
     <span class='ocr_line' id='line_1_42' title="bbox 0 0 1426 5070; baseline 0 3"><span class='ocrx_word' id='word_1_378' title='bbox 0 0 1426 5070; x_wconf 95' lang='lat' dir='ltr'> </span> 
     </span>
    </p>
   </div>
  </div>
 </body>
</html>
