2842 5070
686 324 728 390 60

132 500 207 564 dice
220 500 260 563 'ad
278 499 498 564 consistorium
521 501 552 563 in
578 500 762 582 erastinum.
809 499 851 564 Et
873 500 984 565 habito
1005 501 1140 566 oonsilio
1157 503 1281 585 patrum

131 605 174 668 ivi
211 605 250 668 ad
274 606 484 669 excusandum
516 628 566 670 me
599 627 656 688 per
678 603 886 688 privilegium
920 605 1048 669 ordinis.
1095 605 1283 671 Putriarohu

131 710 312 793 respondit:
340 709 442 774 »Date
459 712 678 776 testimonium
694 710 850 788 veritatis
871 712 910 775 ud
927 710 1011 795 quod
1027 715 1159 775 tenetur
1173 710 1282 788 omnis,

132 819 164 878 et
187 815 390 898 privilegium
415 820 555 879 vestrum
590 815 623 877 in
647 814 706 880 hoe
738 835 799 879 non
822 814 1017 897 suffragatur
1038 815 1140 880 vobis.
1187 815 1231 879 Et
1259 815 1282 878 si

133 940 195 982 non
219 917 377 998 feceritis,
400 939 460 1002 ego
482 921 653 1002 procedam
677 923 789 982 eontra
813 940 867 983 vos
889 919 1052 983 iuridiee.‹
1100 919 1143 984 Et
1166 919 1214 983 sie
1236 941 1282 983 eo·

132 1027 221 1087 uetus
254 1045 323 1087 sum
348 1023 480 1088 iuridiee
511 1025 550 1087 ad
581 1024 800 1088 testimonium
824 1024 1019 1088 reddendum
1041 1024 1191 1088 veritatis
1215 1046 1281 1089 suo-

134 1127 267 1191 toritate
284 1129 467 1214 apostolica,
490 1133 527 1193 ut
550 1129 631 1193 dixit
647 1128 840 1211 patriarcha.
887 1129 930 1192 Et
952 1129 985 1193 in
1008 1130 1060 1194 die
1084 1129 1162 1194 lune
1181 1129 1280 1214 Rogo-

134 1234 256 1296 tionum
274 1234 331 1315 [13
347 1232 425 1316 Mai]
446 1233 517 1297 dedi
535 1232 755 1297 testimonium
770 1233 803 1296 in
821 1233 878 1297 heo
892 1233 1008 1299 verbu:
1034 1233 1151 1298 »Anno
1168 1235 1279 1299 domini

135 1337 218 1401 1481
242 1359 331 1401 sacro
356 1342 498 1422 tempore
515 1337 780 1422 quadragesimali
796 1339 884 1402 venit
906 1338 945 1402 ud
967 1360 1027 1418 me,
1050 1337 1189 1403 fratrem
1205 1339 1279 1404 Peu-

135 1443 201 1507 lum
227 1441 400 1521 Waltheri,
423 1443 542 1506 ordinis
565 1443 666 1506 sancti
690 1441 851 1508 Francisoi
875 1443 912 1507 de
935 1445 1147 1524 observantia,
1172 1445 1207 1508 in
1229 1467 1278 1529 op-

133 1546 209 1630 pido
227 1546 499 1631 Heydelbergensi
522 1548 561 1611 ad
587 1547 749 1612 ecelesiam
767 1552 942 1612 conventus
964 1548 1102 1613 fratrum
1127 1550 1277 1614 minorum

136 1653 273 1716 eiusdem
298 1653 418 1716 ordinis
442 1653 575 1717 honesta
598 1674 679 1717 uxor
701 1653 862 1738 legittima
886 1653 1041 1718 Melchior
1064 1653 1158 1719 Flors
1185 1660 1218 1720 et
1238 1655 1277 1719 lo·

136 1759 293 1842 quebutur
310 1758 405 1822 miehi
429 1780 486 1842 per
502 1758 659 1822 cancellos
683 1757 714 1821 in
737 1759 795 1822 heo
810 1758 917 1837 verbu,
941 1759 1061 1823 dicens:
1086 1759 1206 1824 »Pater
1227 1759 1277 1822 mi!

136 1864 212 1948 quid
233 1863 400 1928 consulitis
424 1864 526 1928 mihi?
558 1863 619 1927 Ille
642 1863 700 1942 vir,
723 1863 807 1927 siout
829 1863 929 1943 scitis,
953 1864 1008 1947 qui
1032 1885 1117 1929 anno
1133 1865 1277 1946 preterito

134 1969 315 2053 perdiderat
338 1972 402 2032 tam
420 1968 522 2033 multa
545 1975 577 2032 et
601 1989 717 2051 magna
742 1969 834 2047 bonu,
858 1968 990 2053 reliquit
1014 1969 1093 2032 mihi
1118 1968 1157 2034 nd
1181 1975 1275 2033 custo·

136 2075 285 2140 dieudum
307 2074 428 2157 aliquid
452 2077 484 2136 et
507 2074 594 2138 dedit
617 2074 697 2137 mihi
720 2096 854 2158 pervum
877 2074 1051 2155 annulum,
1074 2081 1108 2138 et
1132 2062 1281 2139 Melohior

137 2182 199 2246 soit
224 2181 302 2244 bene
326 2180 363 2244 de
379 2178 507 2258 annulo,
531 2180 585 2243 sed
609 2180 647 2243 de
669 2178 733 2243 alia
758 2180 917 2245 renoscit.
963 2178 1058 2243 Modo
1081 2179 1138 2243 ille
1153 2180 1205 2244 vir
1226 2200 1277 2243 non

140 2287 236 2364 venit,
262 2290 294 2349 et
310 2284 425 2364 nesei0,
449 2285 504 2350 ubi
528 2289 586 2350 est.
617 2285 686 2368 Ego
702 2285 817 2350 vellem
834 2289 1004 2349 exonerata
1020 2305 1086 2348 esse
1111 2286 1152 2348 ab
1175 2284 1277 2349 illere.

138 2391 170 2455 Si
187 2391 350 2454 videretur
373 2391 461 2455 vobis
484 2391 677 2469 consultum,
701 2413 759 2474 ego
783 2390 897 2455 vellem
920 2392 994 2455 dare
1016 2391 1054 2454 ud
1072 2390 1277 2473 indulgentius

137 2495 386 2561 Johennitarum
404 2496 445 2562 ¹.«
494 2495 565 2559 Hiis
587 2496 705 2559 auditis
722 2496 826 2560 verbis
844 2496 992 2579 respondi
1008 2496 1182 2560 seeundum
1199 2497 1276 2559 deum

138 2603 171 2665 in
195 2601 254 2665 heo
268 2601 380 2666 verbu:
406 2600 527 2676 »Quare
543 2600 668 2665 velletis
691 2601 752 2665 hoo
767 2601 870 2666 fucere
893 2606 925 2665 et
942 2602 1025 2665 bono
1041 2601 1111 2664 viro
1135 2601 1277 2665 sunbona

139 2706 249 2770 alienis
272 2703 373 2770 dare'¹
398 2707 465 2770 sine
487 2727 545 2768 sua
566 2705 758 2770 voluntate?
781 2704 854 2770 Non
877 2707 1022 2790 potestis
1068 2705 1106 2771 Id
1131 2707 1215 2791 quod
1236 2707 1276 2770 de-

139 2812 186 2876 dit
210 2812 317 2891 vobis‚
347 2812 482 2895 potestis
511 2811 601 2874 licite
624 2812 762 2875 retinere
784 2812 892 2900 uobis,
924 2816 956 2876 et
979 2812 1095 2875 suadeo
1118 2813 1222 2890 vobis,
1250 2813 1277 2873 ut

139 2917 233 2981 aliam
260 2939 326 2980 rem
343 2917 508 2980 retineatis
524 2916 627 2980 adhue
643 2917 773 2983 diutius.
820 2916 893 3001 [pse
915 2918 965 2982 vir
987 2917 1070 2981 forte
1087 2918 1191 2981 currit
1214 2937 1275 3001 que·

139 3024 237 3087 reudo
261 3023 325 3086 alia
348 3022 474 3107 perdita
498 3027 615 3085 etune
639 3023 760 3086 dierum
784 3022 889 3085 veniet
913 3021 1026 3086 tollere
1050 3043 1154 3087 suum.
1201 3019 1274 3085 Etsi

141 3128 343 3210 contingeret
366 3127 447 3191 citra
470 3149 525 3192 vos
548 3127 646 3207 mori,
677 3127 799 3192 debetis
822 3128 1023 3192 committere
1046 3128 1165 3192 marito
1187 3132 1275 3192 vestro

142 3233 201 3297 teli
219 3234 321 3298 modo.
368 3235 520 3298 Attamen
538 3234 618 3312 dieo,
643 3234 726 3318 quod
742 3233 903 3297 nondixit
918 3233 1009 3312 mihi,
1032 3233 1108 3317 quid
1126 3233 1177 3297 vel
1193 3252 1273 3317 quan·

141 3346 209 3404 tum
232 3343 404 3417 essetnec
428 3360 487 3423 ego
510 3340 706 3423 interrogavi
730 3362 826 3403 eam«
874 3338 943 3404 Heo
964 3340 1062 3404 verba
1084 3361 1183 3424 super
1205 3340 1272 3402 iure·

140 3449 248 3508 mento
272 3443 348 3523 dixi,
373 3466 430 3509 neo
453 3448 487 3508 in
510 3469 560 3510 me
583 3446 677 3509 aliam
701 3446 868 3509 veritatem
893 3445 1036 3509 invenire
1060 3445 1164 3527 potui.

231 3548 365 3614 Demum
382 3556 455 3634 post
467 3551 655 3615 dominicam
669 3551 790 3614 Exaudi
809 3551 866 3632 [19
879 3549 957 3634 Mei]
968 3550 1056 3613 venit
1068 3549 1194 3633 legatus
1208 3545 1274 3629 regis

141 3655 231 3718 indie
256 3677 325 3719 eum
357 3656 421 3720 suis
453 3657 544 3720 sociis
576 3657 613 3720 de
645 3657 734 3721 ouria
756 3678 906 3734 romana,
930 3654 1076 3719 dominus
1100 3652 1274 3725 Anthemus,

142 3761 301 3845 prespiter
323 3762 495 3825 seeundum
519 3762 616 3825 ritum
643 3784 752 3826 eorum
766 3761 789 3842 ³,
813 3763 853 3827 ad
872 3760 1021 3826 Venetiae
1045 3765 1077 3824 et
1101 3759 1216 3824 mansit
1235 3776 1274 3820 us·

706 3895 725 3929 tt·

213 3973 225 4024 l
246 3969 282 4022 lds
301 3987 359 4024 war
377 3970 424 4024 ein
445 3970 539 4024 ublass
551 3970 692 4026 verliehen
705 3969 827 4034 worden,
846 3987 881 4023 nu
899 3969 998 4025 dessen
1010 3967 1187 4038 gewinnung
1203 3964 1274 4020 neben

142 4059 196 4113 den
214 4048 424 4128 gewdhnliohen
443 4059 661 4114 erfordernisnen
687 4059 733 4115 die
751 4058 975 4126 verubreiehnng
1000 4056 1078 4110 einer
1098 4055 1206 4111 milden
1222 4050 1277 4123 gebo

144 4165 176 4199 zu
195 4148 319 4214 gunsteu
337 4147 386 4200 der
398 4146 568 4202 Johanniter
582 4149 812 4217 vorgesohrieben
828 4165 895 4208 war,
914 4147 972 4200 und
985 4145 1035 4199 der
1047 4145 1104 4200 den
1117 4162 1219 4200 numen
1236 4139 1278 4193 »in-

142 4234 306 4302 dulgentiae
327 4235 560 4290 rubenitarum«
580 4237 669 4291 hatte.
748 4238 765 4290 2
786 4234 940 4290 Wdrtliohe
958 4234 1150 4303 ubersetzung
1169 4233 1215 4288 des
1231 4244 1278 4300 pru

142 4320 348 4376 vinoialismus:
376 4311 456 4378 idem
485 4327 574 4394 guten
591 4342 695 4380 manne
720 4326 796 4381 seine
815 4324 933 4379 sochen«
954 4323 1030 4376 statt
1057 4321 1106 4376 die
1125 4322 1226 4377 sochen
1244 4319 1279 4370 des

142 4413 232 4478 guten
250 4429 375 4469 mannes.
416 4413 478 4481 Vgl.
498 4411 665 4487 Eiuieitung
683 4414 729 4470 xl.
828 4414 844 4468 3
875 4410 969 4466 Dieser
987 4409 1130 4465 Antonius
1148 4408 1188 4464 ist
1201 4406 1282 4480 jeder·
