2842 5070
686 309 728 375 72

131 485 194 551 tios
222 485 260 549 ad
292 488 429 571 quatuor
465 483 599 567 angulos
622 488 723 564 terre,
759 491 792 551 et
815 486 869 550 ubi
893 486 1060 550 inveniunt
1084 485 1202 562 virum,
1234 485 1282 569 qui

133 590 230 656 habet
252 611 392 655 mensam
416 589 553 655 ferream
576 594 608 655 et
626 593 825 656 commedens
848 593 881 655 in
905 591 971 670 illa,
995 590 1137 655 serviens
1161 611 1283 674 quoque

132 694 192 759 sibi
215 694 307 780 virgo
332 695 509 774 iuvencula,
544 694 662 759 habens
693 697 726 760 in
749 697 850 761 latere
881 697 1041 762 sedentem
1064 717 1197 773 canem,
1228 695 1280 758 iste

133 799 195 865 erit
218 799 267 864 vir
290 801 482 884 imperator,
516 823 651 885 eumque
682 801 855 867 honorifice
878 803 1025 867 exaltate.
1074 799 1128 865 Sic
1153 799 1280 864 Romani

132 905 287 970 miserunt
309 905 448 983 nuntioS,
473 908 504 969 et
527 905 590 984 isti,
614 906 669 991 qui
693 906 825 971 fuerunt
849 908 937 971 missi
953 908 991 971 ad
1015 906 1212 991 aquilonem,
1236 926 1279 968 vc·

133 1014 251 1075 nerunt
274 1009 311 1074 ad
335 1007 577 1089 Schlavoniam,
608 1011 646 1074 ad
670 1033 818 1096 magnam
842 1012 1002 1076 civitatem
1026 1009 1159 1089 Bolam,
1182 1008 1279 1092 inqui-

133 1120 240 1181 rentes
263 1112 339 1178 hinc
364 1113 438 1178 inde
473 1118 506 1178 et
528 1135 590 1179 non
625 1114 826 1180 invenerunt.
874 1115 915 1179 Et
942 1119 1091 1179 exeuntes
1124 1114 1279 1180 civitatem

133 1221 218 1287 eirca
239 1223 377 1302 tempus,
402 1220 528 1303 quando
552 1219 678 1285 faciunt
701 1221 841 1304 agricole
865 1220 1071 1299 ientaculum,
1095 1220 1280 1284 invenerunt

134 1323 380 1412 Dyooletianum
403 1323 557 1390 rusticum
581 1329 726 1389 arantem
741 1326 776 1389 in
791 1347 881 1410 agro,
897 1326 1048 1409 venitque
1070 1324 1280 1408 pulcherrima

15 1438 18 1445 ’
133 1432 224 1516 virgo
256 1428 441 1508 iuvencula,
470 1433 602 1512 portans
630 1430 691 1494 sibi
725 1429 830 1495 offam.
887 1428 959 1514 Ipse
986 1431 1096 1494 statim
1132 1430 1280 1514 pervertit

133 1541 275 1602 aratrum
301 1538 332 1599 et
355 1534 492 1598 comedit
515 1534 548 1597 in
573 1555 708 1613 vomere,
733 1534 874 1600 serviens
897 1536 958 1599 sibi
981 1535 1082 1620 virgo,
1107 1539 1140 1600 et
1160 1536 1280 1599 sedebat

136 1641 222 1707 canis
245 1639 277 1703 in
302 1640 403 1704 latere
426 1660 493 1704 suo.
526 1638 678 1704 Videntes
693 1639 754 1705 hoo
769 1641 879 1704 nuntii
901 1641 1051 1705 dixerunt
1073 1642 1114 1705 ad
1137 1640 1280 1715 invicem:

137 1745 250 1811 »Certe
265 1744 318 1810 hic
341 1747 398 1823 est,
423 1765 515 1828 quem
539 1765 596 1809 nos
621 1744 792 1828 querimus.
825 1743 905 1808 Ecce
929 1765 1036 1808 mensa
1059 1744 1175 1824 ferrea,
1200 1747 1280 1826 virgo

136 1857 168 1917 et
191 1850 314 1916 canista
340 1849 380 1913 Et
396 1849 545 1914 dixerunt
567 1849 606 1913 ad
631 1869 720 1913 eum:
745 1847 832 1913 »Nos
849 1870 956 1913 sumus
979 1849 1067 1912 missi
1091 1849 1229 1914 aRoma
1249 1850 1280 1914 ad

136 1956 330 2043 querendum
362 1953 525 2018 hominem
554 1954 592 2017 ad
622 1953 883 2036 imperatorium,
907 1959 940 2019 et
962 1959 998 2018 tu
1021 1975 1093 2019 ecce
1116 1959 1166 2020 es!
1207 1956 1279 2032 Qua-

134 2066 267 2146 propter
290 2059 384 2124 debes
400 2059 567 2124 nobiscum
592 2059 669 2125 ire<
695 2057 872 2141 Respondit
888 2058 1135 2144 Dyocletianus:
1162 2059 1217 2123 >Si
1232 2079 1279 2142 ego

135 2168 233 2233 debeo
257 2185 322 2230 esse
345 2165 519 2247 imperator
537 2185 695 2244 romanus,
720 2168 796 2228 tuuc
819 2165 952 2247 probate
975 2164 1064 2246 prius
1077 2167 1105 2228 l<
1131 2163 1280 2228 Dixerunt

133 2272 212 2356 ipsi:
251 2270 312 2335 »Ec
335 2269 572 2353 quomodovis,
607 2273 643 2332 ut
666 2269 852 2352 probemus,
887 2274 919 2332 et
941 2269 1071 2333 indubie
1101 2268 1277 2334 faciemus«

135 2376 241 2441 Dixit:
266 2372 319 2439 »si
343 2393 402 2457 ego
424 2394 495 2438 sum
518 2371 700 2452 romanus¹,
724 2374 903 2457 decapitata
926 2373 966 2436 ad
989 2373 1101 2437 statim
1124 2375 1279 2438 intervos

134 2479 328 2565 superiorem
352 2483 385 2542 et
407 2475 622 2543 inferioremc.
668 2476 785 2542 Statim
819 2477 1044 2560 impleverunt.
1091 2478 1134 2542 Et
1157 2479 1279 2543 detrun-

134 2585 214 2650 catis
244 2583 403 2667 capitibus
426 2582 584 2667 equitavit
612 2583 651 2646 ad
675 2581 810 2647 Romam
838 2588 870 2647 et
893 2583 998 2646 factus
1021 2588 1069 2646 est
1102 2583 1279 2667 imperator.

135 2689 209 2756 Non
232 2693 305 2773 post
328 2687 464 2753 multum
497 2690 623 2771 tempus
657 2687 760 2751 factus
792 2690 840 2752 est
862 2688 1016 2751 infirmus
1064 2686 1135 2753 Hoc
1159 2690 1277 2753 audiens

134 2795 397 2874 Maximinianus,
421 2793 542 2859 vicinus
570 2815 644 2858 suus
667 2794 700 2857 in
724 2792 821 2874 Bola,
852 2794 916 2858 cito
946 2794 1007 2857 ivit
1036 2794 1074 2857 ad
1100 2793 1234 2858 Romam
1254 2796 1279 2856 et

135 2901 223 2966 venit
248 2901 287 2966 ad
310 2922 381 2965 eum
405 2904 437 2964 et
459 2900 541 2965 dixit
563 2898 630 2965 illi:
657 2898 733 2964 >Vis
755 2900 836 2964 mihi
860 2900 939 2964 bene
961 2899 1118 2982 premere,
1143 2921 1203 2984 ego
1219 2898 1278 2963 volo

136 3011 168 3072 te
191 3026 333 3071 sanarer.
381 3002 472 3067 Dixit
503 3001 746 3089 Dyooletianus:
783 3003 962 3088 »Quidquid
986 3004 1033 3068 vis
1069 3008 1103 3067 et
1137 3003 1280 3087 postulas,

137 3111 209 3176 volo
232 3109 294 3174 tibi
317 3110 422 3174 darer.
469 3108 684 3174 Promissione
707 3109 792 3173 facta
809 3109 931 3192 incepit
954 3131 1026 3174 eum
1050 3130 1164 3193 regere
1181 3131 1279 3174 secun·

136 3217 210 3281 dum
226 3215 354 3280 modum
382 3214 587 3293 rusticorum,
610 3219 708 3297 prout
731 3215 798 3297 ipse
822 3215 910 3298 prius
933 3213 1014 3277 vixit
1038 3214 1071 3277 in
1096 3215 1179 3294 cibo,
1202 3218 1278 3299 potu,

137 3325 170 3385 et
192 3319 278 3384 omui
302 3319 352 3383 die
375 3320 562 3384 exercitavit
597 3341 667 3383 enm
703 3342 879 3403 peronam
902 3320 1011 3383 horam
1036 3320 1070 3382 in
1097 3321 1281 3384 rusticorum

138 3423 311 3490 laboribus.
358 3421 476 3488 Statim
504 3423 625 3508 incepit
650 3423 867 3488 convalescere
902 3429 934 3488 et
965 3423 1070 3488 factus
1104 3429 1153 3490 est
1187 3444 1280 3488 sanus.

139 3529 181 3593 Et
215 3531 342 3612 recepta
373 3527 513 3592 sanitate
543 3527 626 3591 dixit
648 3525 894 3612 Dyocletianns:
927 3526 1026 3591 »Pete
1051 3528 1114 3591 tibi
1141 3531 1282 3612 pretium,

140 3633 224 3720 quod
247 3633 331 3697 risi<
378 3631 468 3697 Dixit
491 3632 755 3698 Maximinianos:
782 3631 849 3696 ›Tn
873 3654 955 3697 esses
977 3638 1136 3712 mortuus,
1160 3635 1215 3697 sed
1236 3651 1283 3716 per

138 3761 189 3804 ma
211 3739 396 3822 sospitatem
422 3738 579 3821 recepisti.
628 3737 713 3822 Ergo
737 3737 828 3816 volo,
859 3744 897 3800 nt
919 3737 1090 3820 permittas
1114 3760 1166 3801 me
1189 3745 1283 3802 tecum

138 3865 205 3908 essa
229 3844 475 3927 imperatorem,
506 3844 644 3909 similem
670 3843 730 3908 tibi
752 3844 785 3907 in
820 3843 997 3907 omnibus«
1045 3842 1087 3905 Et
1120 3843 1167 3908 sie
1191 3842 1286 3907 tenuit

138 3947 347 4031 promissum,
378 3952 410 4013 et
433 3947 537 4013 tactus
559 3953 608 4013 est
628 3948 805 4031 imperator
827 3968 898 4011 cum
922 3946 1002 4029 ipso.
1048 3946 1092 4010 Et
1116 3946 1197 4012 facti
1221 3950 1285 4011 sunt

137 4053 191 4118 isti
224 4054 353 4137 pessimi
386 4053 497 4118 rustici
532 4055 593 4119 duo
616 4052 746 4117 maximi
769 4059 989 4135 persecutores
1023 4050 1286 4128 Christianorum,
1313 4085 1317 4100 ·

137 4158 221 4222 sicut
244 4157 328 4223 clare
350 4162 442 4243 patet
472 4158 705 4242 perlegendas
727 4156 901 4220 multorum
924 4160 1121 4222 sanctorum.
1170 4159 1213 4223 Et
1234 4161 1285 4222 im·

704 4302 724 4335 ἱ·

213 4383 226 4436 l
247 4383 403 4454 Imperator
419 4400 453 4438 au
471 4385 619 4453 erghaen.
