2842 5070
677 323 739 389 152

136 500 348 564 ›Dulcissime
371 520 406 563 ac
422 498 562 582 pijssime
580 499 687 563 ihesu!
713 503 748 562 tu
772 499 831 561 scis
847 501 971 575 omnia;
995 504 1031 564 tu
1054 503 1126 581 scia,
1152 525 1214 586 qua
1235 506 1279 568 in·

131 607 274 670 tentione
306 626 414 668 sumus
446 605 478 667 in
511 605 571 668 hac
605 605 783 687 periculosa
807 605 867 669 via.
914 604 1029 669 Nonne
1064 605 1194 672 domine
1228 633 1280 692 pro

132 710 224 774 laude
248 716 313 787 tua,
337 722 442 775 nonne
465 731 524 792 pro
548 711 792 775 confirmatione
814 711 886 774 fidei
911 711 1074 788 catholice,
1099 734 1206 777 nonne
1228 737 1281 796 pro

131 815 250 880 honore
286 821 414 879 tuorum
443 815 696 899 patriarcharum
734 821 767 878 et
803 837 864 897 pro
896 815 1090 898 experientia
1125 839 1282 883 sacrarum

132 919 412 1002 scripturaruml¹
457 919 506 983 Ne
529 918 733 1003 derelinquas
758 941 825 998 nos,
849 941 889 982 ne
905 920 1012 983 tradas
1035 941 1092 984 nos
1117 921 1151 984 in
1174 945 1281 987 manus

134 1023 310 1088 infidelium
335 1029 467 1108 propter
490 1027 622 1107 peccata
644 1047 732 1104 mea,
756 1024 831 1088 licet
857 1025 1007 1103 demerui,
1029 1026 1081 1089 sed
1106 1025 1158 1090 fac
1181 1027 1281 1090 nobis·

133 1150 206 1193 cum
229 1130 400 1193 secundum
423 1133 512 1194 tuam
535 1130 696 1194 infinitam
722 1130 987 1194 misericordiam!
1024 1129 1123 1210 Asta,
1155 1136 1282 1216 protege

133 1238 165 1298 et
188 1235 291 1317 dirige
315 1235 399 1299 viam
431 1238 463 1299 et
495 1257 553 1300 nos
575 1235 785 1318 pauperculos
817 1235 962 1299 homines
994 1240 1026 1299 et
1055 1235 1195 1300 famulos
1218 1241 1281 1302 tuos

136 1339 170 1402 in
194 1360 271 1422 pace
294 1344 326 1403 et
349 1341 574 1423 prosperitate!
608 1339 680 1404 Vel<
692 1342 718 1404 si
742 1341 900 1424 placuerit
915 1341 1044 1405 omnino
1066 1362 1126 1405 nos
1149 1342 1281 1406 incidere

133 1465 247 1508 manus
269 1444 472 1510 inimicorum
494 1450 633 1524 tuorum,
657 1446 696 1509 da
719 1447 810 1510 nobis
828 1467 934 1508 veram
951 1445 1153 1527 patientiam,
1178 1452 1210 1510 et
1233 1449 1280 1510 fiat

133 1551 281 1614 voluntas
314 1553 409 1614 tual«
457 1551 498 1615 Et
525 1552 675 1615 subiunxi
698 1551 806 1634 aliqua
829 1549 926 1614 Pater
949 1552 1056 1613 noster
1087 1553 1121 1614 et
1144 1553 1278 1615 commisi

133 1676 191 1719 nos
223 1658 256 1717 et
285 1655 392 1719 omnia
423 1656 490 1720 deo.
537 1655 609 1739 Ipse
632 1677 707 1720 vero
730 1655 1014 1733 clementissimus,
1048 1676 1113 1718 non
1147 1656 1278 1734 dubium,

134 1761 240 1824 astitit
262 1761 355 1824 nobis
377 1782 433 1824 sua
456 1762 562 1845 gratia
586 1766 618 1825 et
633 1761 863 1838 misericordia,
889 1760 1052 1843 tacuitque
1072 1760 1182 1824 asinus
1201 1783 1277 1824 meus

136 1865 263 1944 deinde,
296 1871 328 1928 et
350 1887 500 1950 prospere
534 1867 665 1931 fecimus
690 1867 794 1945 viam,
827 1866 903 1930 licet
938 1865 1084 1931 nonnulli
1108 1866 1226 1948 pagani
1247 1866 1275 1928 de

136 1970 254 2035 nostris
278 1971 577 2036 trulzsthelmannis
608 1994 679 2036 cum
703 1993 813 2035 eorum
835 1971 965 2034 cabellis
988 1971 1130 2034 facerent
1163 1967 1274 2032 casus'.

135 2075 177 2139 Et
211 2076 244 2139 in
267 2098 399 2156 aurora,
436 2078 512 2142 dum
535 2076 638 2141 lucem
660 2077 831 2140 habuimus
855 2077 889 2158 [8
914 2073 1041 2158 April]‚
1065 2074 1158 2158 quasi
1181 2095 1273 2138 omnes

136 2180 286 2247 dixerunt
310 2187 421 2245 contra
443 2205 510 2247 me:
535 2181 649 2246 »Certe
673 2182 779 2245 asinus
801 2185 906 2246 vester
929 2179 1036 2262 posuit
1059 2200 1117 2244 nos
1139 2178 1178 2243 ad
1202 2178 1272 2261 peri·

137 2283 242 2347 culum
267 2290 298 2346 et
320 2286 468 2349 timorem
491 2308 674 2368 magnum«.
723 2286 769 2349 Et
787 2289 870 2350 circa
885 2285 1039 2349 decimam
1062 2283 1176 2348 horam
1199 2283 1269 2345 veni·

134 2410 204 2452 mus
239 2388 279 2452 ad
302 2389 423 2468 locum,
457 2391 511 2454 ubi
536 2389 639 2455 Adam
673 2394 704 2454 et
728 2390 794 2454 Eva
824 2390 968 2453 fecerunt
996 2388 1206 2470 penitentiam
1226 2408 1269 2469 per

136 2498 263 2557 eentum
284 2515 385 2558 annos
406 2495 439 2558 in
463 2518 526 2559 una
541 2495 703 2579 spelunca,
728 2517 823 2578 quam
845 2495 930 2558 omni
953 2494 1002 2557 die
1025 2514 1083 2576 per
1099 2493 1205 2574 plures
1227 2493 1267 2554 ho-

136 2619 187 2661 ras
202 2598 403 2662 intraverunt
419 2605 451 2663 et
469 2606 596 2665 orantes
605 2600 801 2685 planxerunt
817 2601 942 2683 lapsum
958 2603 989 2663 et
1000 2597 1267 2682 transgressionem

138 2704 276 2769 mandati
294 2705 353 2768 dei.
392 2704 435 2768 Et
449 2707 620 2771 concordat
637 2707 792 2789 magister
808 2707 841 2769 in
858 2705 994 2769 historia
1010 2702 1176 2767 scolastica
1191 2723 1267 2785 super

138 2810 154 2871 l
181 2807 293 2872 Ganos.
318 2809 339 2871 4
361 2810 522 2893 capitulo:
548 2811 725 2895 »Cognovit
741 2813 845 2877 Adam
868 2833 997 2876 uxorem
1021 2831 1112 2873 suam
1135 2804 1265 2879 dieens³3

137 2914 212 2997 quia
234 2913 323 2978 locus
357 2915 434 2995 iste,
468 2917 501 2979 in
527 2940 589 3001 quo
613 2918 779 2996 luxerunt,
812 2917 930 2981 dicitur
951 2915 1048 2980 vallis
1071 2914 1265 2979 lacrimarum.

115 3017 210 3083 ‘Non
235 3019 329 3102 longe
354 3025 401 3085 est
424 3045 442 3085 a
464 3022 547 3086 valle
570 3022 687 3100 Ebrom
711 3045 782 3086 nam
808 3023 892 3086 solus
914 3041 1005 3084 mons
1029 3019 1163 3082 interest
1176 3018 1197 3082 ⁴.
1237 3014 1266 3076 lit

702 3182 718 3211 ἃ·

208 3274 218 3323 l
245 3270 339 3324 Dieser
356 3270 546 3341 beweggrund
565 3289 614 3324 zur
636 3271 807 3341 pilgerreise‚
826 3273 875 3326 der
885 3270 1037 3342 J'edenfalls
1055 3269 1135 3324 nicht
1153 3268 1214 3324 blod
1230 3265 1268 3320 ani

137 3357 269 3411 Walther
287 3357 407 3413 sondern
426 3359 527 3426 (neben
540 3360 663 3414 anderen
677 3361 816 3431 griinden)
836 3360 909 3415 auch
928 3359 980 3414 auf
991 3358 1063 3413 viele
1077 3358 1179 3412 andere
1195 3357 1266 3426 pilger

137 3443 323 3497 bestimmend
342 3444 506 3509 einwirkte,
535 3445 573 3499 ist
593 3465 646 3502 von
671 3446 754 3501 Reor.
775 3448 806 3500 D.
825 3446 893 3517 pilg.
914 3450 929 3501 5
948 3446 967 3498 f.
995 3445 1149 3499 ubersehen
1168 3442 1266 3498 worden.

137 3533 154 3584 2
173 3531 218 3586 Sic
237 3534 365 3586 stiiraten
384 3531 436 3586 mit
454 3533 534 3588 ihren
546 3535 680 3604 pferden!
786 3537 802 3589 3
821 3534 901 3590 Diese
920 3534 1001 3588 stelle
1019 3533 1057 3587 ist
1076 3536 1163 3588 etwas
1176 3531 1265 3585 unllar.

139 3619 194 3673 Das
215 3621 231 3670 4
250 3618 362 3688 kapite]
381 3619 430 3674 der
443 3621 556 3676 Genesis
576 3624 709 3693 beginnt:
730 3624 837 3678 »Adam
850 3641 915 3678 vero
928 3621 1061 3690 cognovit
1079 3637 1191 3675 uxorem
1203 3632 1264 3672 suan

138 3708 261 3773 Hevam3
291 3724 363 3775 quae
383 3711 510 3778 concepit
540 3713 568 3764 et
586 3712 695 3780 peperit
714 3711 795 3775 (lain,
815 3712 923 3766 dicens:
952 3709 1062 3764 Possedi
1083 3708 1215 3764 hominem
1230 3718 1266 3774 per

138 3794 247 3850 deum«.
285 3793 347 3849 Von
366 3795 442 3849 einer
461 3795 535 3850 busse
558 3797 663 3852 Adams
681 3799 739 3852 und
756 3799 828 3852 Evae
846 3799 884 3852 ist
901 3797 941 3851 im
954 3814 1064 3867 ganzen
1083 3795 1189 3865 kapite]
1205 3792 1266 3846 keine

138 3883 212 3938 rede.
250 3883 285 3936 Es
302 3882 341 3936 ist
359 3885 432 3937 auch
452 3885 502 3938 das
520 3885 592 3939 citat
604 3903 745 3955 ungenau,
765 3887 802 3940 da
820 3903 849 3940 es
862 3886 1002 3941 entweder
1023 3886 1036 3939 1
1052 3885 1119 3940 Mos.
1137 3883 1200 3938 oder
1215 3877 1265 3934 blod

137 3970 206 4024 Gen.
226 3969 328 4024 heissen
348 3971 437 4024 sollte.
546 3975 564 4026 4
583 3972 662 4027 Diese
685 3974 769 4028 hohle
786 3973 857 4043 liegt
875 3961 1265 4028 einekleinestundendrdlich

139 4077 193 4114 von
212 4058 323 4113 Hebron
345 4058 438 4125 (Harii
457 4061 503 4115 161
525 4060 582 4113 will
611 4059 650 4114 sie
671 4061 875 4129 ›suydewarts‹
906 4060 1026 4127 gesehen
1054 4059 1158 4128 haben)
1183 4059 1210 4111 in
1230 4055 1266 4108 der

139 4147 212 4200 nahe
232 4146 281 4200 der
299 4147 398 4199 ruinen
417 4147 464 4201 des
478 4148 583 4202 Haram
604 4149 705 4202 Ramet
725 4147 869 4203 el-chalil.
905 4146 1012 4201 Bereits
1026 4145 1168 4201 Burchard
1181 4139 1268 4211 Reyllb·

138 4234 189 4288 463
209 4235 337 4287 erwdhnt
356 4233 403 4298 sie,
425 4234 510 4287 Fabri
523 4235 557 4298 ΙΙ,
571 4235 622 4289 348
641 4234 797 4289 beschreibt
815 4234 854 4290 sie
865 4234 1031 4304 gleichfalls.
1070 4235 1126 4289 Das
1141 4234 1269 4288 »threnor-

139 4321 217 4374 thal«
237 4322 287 4390 lag
306 4339 352 4376 am
371 4320 437 4376 fusse
465 4321 512 4376 des
535 4322 635 4392 htgels
654 4323 705 4377 wie
723 4321 808 4377 Fabri
833 4321 929 4376 ebend.
949 4322 1075 4391 angiebt.
1112 4317 1270 4388 Quaresmius

139 4409 265 4462 erwahnt
283 4409 328 4462 die
348 4409 431 4463 hohle
450 4410 537 4464 nicht.
