2842 5070
737 333 800 397 250
883 397 886 404 .

195 508 299 573 Mauri
324 508 528 574 retinuissent
556 500 687 573 eundem
722 512 893 591 patronum
936 510 968 571 et
989 507 1169 591 posuissent
1203 529 1276 570 eum
1307 508 1342 571 ad

197 635 364 694 carcerem,
389 637 552 700 quousque
575 615 710 678 solveret
733 613 856 697 aliquas
879 634 993 696 penas,
1030 634 1108 697 quas
1130 613 1342 677 demeruisset.

196 718 238 781 Et
260 718 410 783 dixerunt
431 720 543 804 aliqui,
567 720 648 805 quod
674 741 815 783 summus
831 719 1014 801 capitaneus
1029 717 1193 802 galearum
1219 717 1345 781 fecisset

196 822 293 886 aliurn
316 827 484 907 patronum
520 826 620 909 ipsius
643 825 743 908 galee.
788 822 841 888 An
865 829 972 889 autem
994 846 1105 888 verum
1138 823 1198 900 sit,
1231 823 1343 886 nescio.

197 927 237 991 Et
260 949 384 992 eramus
407 951 514 994 omnes
537 933 571 994 in
593 951 711 1014 magno
734 929 877 1013 periculo
900 934 931 993 et
953 929 1080 1008 timore,
1103 949 1143 991 ne
1164 927 1277 1001 Mauri
1295 949 1344 992 ca·

196 1038 309 1115 parent
324 1035 520 1100 occasionem
535 1039 646 1101 contra
659 1057 768 1100 omnes
783 1035 891 1118 galeas
913 1037 945 1098 et
961 1036 1107 1098 tenerent
1124 1053 1181 1096 nos
1195 1031 1216 1097 ¹.
1263 1031 1344 1096 Item

199 1142 314 1220 quarta
337 1139 456 1204 decima
478 1141 530 1207 die
544 1142 659 1206 mensis
674 1141 866 1206 Novembris
881 1140 1058 1223 incepimus
1082 1160 1153 1203 cum
1169 1137 1267 1201 remis
1290 1160 1343 1201 na·

194 1242 316 1326 rigare,
342 1243 416 1327 quia
437 1251 551 1310 ventus
573 1268 636 1310 non
660 1251 729 1311 erat
751 1268 810 1328 pro
834 1246 935 1310 nobis.
981 1245 1023 1309 Et
1037 1243 1182 1329 sequenti
1207 1243 1268 1319 die,
1293 1243 1344 1307 sol.

192 1347 328 1411 sabbato
351 1353 424 1431 post
439 1349 571 1415 Martini
596 1352 652 1436 [15
670 1350 782 1437 Nor.],
806 1351 892 1416 dedit
914 1351 1058 1415 dominus
1081 1372 1120 1414 ex
1143 1369 1201 1412 sua
1216 1347 1344 1432 speciali

195 1453 300 1537 gratia
323 1476 382 1537 pro
405 1457 495 1521 nobis
517 1458 656 1522 multum
677 1457 815 1522 validum
838 1464 986 1535 ventum,
1019 1455 1073 1540 qui
1096 1453 1225 1518 duravit
1248 1474 1344 1538 usque

194 1558 232 1621 ad
257 1557 369 1623 feriam
392 1566 537 1645 quartam
561 1565 756 1647 sequentem,
778 1562 838 1626 hoc
860 1566 908 1626 est
931 1584 989 1645 per
1018 1560 1159 1645 quinque
1181 1559 1258 1623 dies.
1305 1557 1343 1621 Et

194 1660 327 1726 fecimus
360 1664 392 1727 in
417 1663 479 1728 hiis
503 1667 644 1752 quinque
666 1667 776 1731 diebus
797 1667 934 1731 multum
958 1687 1109 1750 prospere
1133 1666 1237 1728 totum
1261 1684 1344 1727 mare

195 1787 295 1851 usque
318 1769 357 1832 ad
380 1765 548 1850 Cardiam,
572 1772 627 1836 ubi
651 1772 821 1857 aliquando
853 1775 950 1836 naute
973 1772 1093 1836 habent
1116 1769 1269 1853 navigare
1292 1791 1344 1851 per

197 1871 312 1956 viginti
335 1873 418 1950 dies;
451 1897 508 1940 nos
529 1898 605 1940 vero
626 1899 689 1941 non
716 1877 904 1942 intravimus
928 1876 1089 1941 Candiam.
1135 1872 1218 1938 Item
1241 1874 1276 1936 in
1299 1874 1344 1936 die

196 1982 303 2041 sancte
326 1977 490 2044 Elizabeth
517 1978 570 2068 [19
594 1980 692 2069 Nou]
715 1983 804 2048 venit
833 1987 924 2048 tanta
951 1985 1124 2065 tempestas
1148 1983 1181 2043 et
1196 1967 1341 2057 'fortuna

196 2086 315 2167 quanta
338 2107 356 2148 a
379 2086 490 2152 multis
513 2089 604 2153 annis
626 2089 731 2153 nautis
763 2092 795 2153 et
814 2087 944 2173 galiotis
974 2110 1036 2153 non
1060 2091 1108 2150 est
1132 2085 1218 2160 visa3
1255 2088 1287 2149 et
1310 2106 1342 2148 er

196 2188 336 2253 motione
360 2192 456 2255 maris
479 2193 572 2257 multi
596 2193 674 2256 facti
699 2196 774 2258 sunt
796 2192 916 2257 infirmi
939 2193 977 2255 de
992 2189 1231 2266 mercatoribus,
1257 2210 1342 2270 pere·

196 2293 298 2377 grinis
321 2317 357 2360 ac
372 2295 517 2379 galeotis,
541 2300 573 2360 et
590 2298 690 2363 coacti
714 2321 732 2362 a
759 2300 949 2380 tempestate
971 2298 1043 2380 plus
1068 2317 1162 2379 quam
1179 2294 1342 2377 octoginta

194 2397 334 2462 miliaria
366 2404 456 2465 extra
478 2424 583 2466 veram
608 2404 690 2466 viam
722 2403 934 2487 applicuimus
967 2405 1097 2485 portum
1129 2400 1228 2464 maris
1261 2399 1344 2462 iuxta

197 2503 333 2567 insulam
358 2503 489 2588 Nyg0²‚
525 2506 579 2570 alii
614 2508 725 2571 dicunt
749 2507 860 2591 Nydo,
893 2529 992 2591 prope
1027 2504 1192 2570 castellum
1215 2503 1343 2589 Nygum

197 2609 275 2672 hora
298 2609 482 2674 duodecima
504 2611 584 2687 diei;
620 2617 652 2676 et
674 2614 719 2677 ibi
743 2613 890 2677 stetimus
913 2634 971 2696 per
994 2616 1134 2690 noctem,
1166 2609 1256 2673 etin
1280 2609 1344 2691 ipsa

197 2718 289 2778 nocte
311 2720 456 2780 mortuus
479 2722 527 2781 est
542 2719 729 2802 magnificus
752 2718 898 2783 dominus
914 2716 1057 2780 Andreas
1075 2712 1276 2793 Contherini,
1300 2735 1344 2776 se·

196 2819 267 2885 nior
290 2821 399 2884 consul
423 2821 456 2884 in
479 2821 600 2887 fontico
624 2821 819 2888 Venetorum
841 2823 875 2886 in
900 2819 1113 2898 Alexandria,
1136 2819 1258 2902 absque
1281 2839 1343 2881 om·

198 2925 292 2989 nibus
314 2928 519 2992 sacramentis
541 2934 746 3014 preterquam
769 2928 991 3002 confessionis3
1017 2948 1111 3009 quem
1136 2945 1228 2987 mane
1252 2923 1343 2987 duxe-

197 3036 274 3094 runt
296 3032 335 3096 ad
358 3033 436 3097 litus
458 3035 569 3112 maris,
602 3040 634 3099 et
660 3036 693 3098 in
718 3034 852 3119 quadam
876 3032 997 3117 capella
1021 3052 1121 3114 prope
1142 3050 1230 3093 mare
1254 3051 1344 3092 exen-

197 3141 319 3202 teratus
334 3144 390 3222 ,est
413 3162 431 3203 a
454 3141 614 3204 rasoribus
637 3146 670 3205 et
692 3140 914 3206 aromatisatus
951 3144 984 3203 et
1007 3138 1202 3213 reconsutus,
1238 3155 1344 3217 repor-

197 3246 346 3307 taverunt
370 3246 502 3309 eumad
526 3245 650 3328 galeam
673 3248 707 3310 et
733 3245 893 3308 duxerunt
916 3264 987 3307 eum
1011 3241 1050 3305 ad
1066 3237 1216 3303 Venetias
1231 3237 1256 3301 ³.
1302 3236 1346 3300 Ex

197 3348 313 3432 quibus
336 3349 514 3413 luculenter
540 3353 674 3433 apparet
697 3349 868 3413 mentitum
890 3369 956 3412 esse
973 3347 1115 3423 verbum,
1139 3343 1222 3429 quod
1247 3342 1345 3407 fama-

198 3457 266 3517 tur:
301 3453 389 3517 Mare
423 3454 513 3518 nullo
544 3455 637 3518 modo
667 3457 773 3537 potest
795 3452 951 3517 sustinere
974 3452 1126 3517 cadavera
1148 3451 1346 3513 mortuorum

270 3629 283 3681 1
304 3625 387 3680 Fabri
406 3625 456 3691 ΙΙΙ,
475 3627 526 3681 212
544 3627 602 3681 und
621 3563 829 3682 Breidenb.*lll
852 3625 985 3695 sprechen
1003 3622 1075 3677 auch
1092 3640 1145 3678 von
1165 3621 1270 3676 diesem
1290 3621 1347 3675 auf·

197 3713 332 3769 enthalte.
440 3716 456 3768 2
481 3714 532 3769 Die
556 3715 626 3770 insel
652 3715 718 3779 Nio,
747 3714 797 3768 das
825 3714 883 3768 alte
902 3712 956 3768 Jos.
993 3710 1079 3765 Fabri
1097 3710 1153 3774 ΠΙ,
1173 3711 1225 3765 292
1244 3709 1273 3763 ff.
1292 3708 1345 3763 und

197 3802 343 3857 Breidenb.
365 3804 409 3858 lll
433 3820 525 3872 genau
544 3802 596 3857 wie
609 3804 747 3858 Walther.
784 3800 978 3856 Ott-Heinrich
998 3797 1104 3869 spricht
1122 3797 1207 3851 bfters
1226 3815 1282 3853 ron
1301 3796 1347 3850 der

197 3889 268 3944 insol
288 3890 366 3958 Nyo,
391 3891 494 3944 welche
518 3889 602 3946 Rohr.
622 3890 731 3944 Meissn.
750 3890 783 3944 D.
801 3889 872 3958 pilg.
891 3889 943 3943 394
961 3886 989 3942 ff.
1015 3887 1060 3939 fur
1085 3885 1136 3939 das
1165 3885 1223 3939 alte
1242 3884 1347 3938 Nisiros

200 3977 299 4032 halten
319 3978 401 4049 (wohl
420 3977 474 4032 mit
493 3979 618 4034 unrecht.
655 3979 720 4047 Vgl.
737 3978 792 4032 bes.
813 3975 898 4031 Fabri
917 3974 964 4038 ΙΙΙ,
983 3974 1053 4044 299).
1161 3974 1178 4026 3
1204 3971 1292 4026 Fabri
1309 3989 1348 4026 er·

198 4066 295 4119 wdhnt
314 4066 407 4120 diesen
427 4065 522 4121 consul
541 4065 643 4129 bfters;
671 4081 701 4118 er
719 4065 801 4117 hatte
818 4063 869 4117 ibn
888 4063 973 4118 schon
991 4061 1021 4115 in
1041 4061 1125 4117 Kairo
1144 4061 1282 4131 getroffen
1301 4061 1346 4122 ΙΙΙ,

197 4154 231 4207 32
250 4153 284 4219 Ι,,
311 4152 365 4207 mit
382 4153 441 4207 ihm
460 4154 490 4207 in
510 4150 699 4207 Alexandrian
719 4151 770 4205 das
789 4151 897 4221 gleicbe
915 4149 997 4204 schiff
1012 4149 1136 4217 beregen
1156 4148 1202 4213 ΙΙΙ,
1224 4150 1273 4202 171
1293 4147 1346 4201 und

198 4241 306 4295 erathlt
325 4241 422 4296 descen
441 4241 490 4297 totl
510 4241 568 4294 und
587 4238 846 4308 einbalsamierung
864 4238 916 4293 wie
929 4237 1068 4292 Walther.
1107 4236 1184 4289 Auch
1204 4235 1344 4290 Breidenb.

200 4329 247 4382 111
267 4328 405 4384 berichtet
423 4329 517 4384 diesen
535 4327 677 4393 todesfall‚
698 4345 750 4383 nur
769 4328 858 4400 geben
876 4327 968 4383 weder
988 4342 1017 4381 er
1037 4324 1105 4383 noch
1117 4324 1202 4380 Fabri
1225 4325 1279 4380 den
1298 4340 1343 4379 na·

198 4431 262 4470 men
280 4413 327 4468 des
346 4416 455 4472 consuls
474 4434 520 4473 an.
881 4422 883 4426 ’
