2842 5070
686 331 727 394 26

131 502 360 568 intromittitur
382 504 443 568 11191
475 504 535 567 fida
563 506 645 571 data.
696 505 762 588 Ego
795 504 876 568 dixi:
911 503 1085 569 »Dominus
1116 505 1208 569 nobis
1239 506 1282 569 sic

133 611 236 674 astitit
258 632 315 673 sua
330 610 459 694 speciali
476 611 612 693 gratia«.
658 611 724 693 Ipsi
740 611 905 675 dixerunt:
932 609 1093 674 »Credatis
1113 610 1278 676 firmiter<

132 715 173 779 Et
205 738 243 779 ex
266 715 332 779 illis
357 715 621 780 admirationibus
645 737 704 799 ego
727 738 763 779 eo
786 714 902 780 fortius
925 715 1079 793 intellexi,
1103 715 1166 780 boc
1188 716 1281 780 benc·

132 821 238 884 ficium
271 843 327 904 pcr
359 820 498 885 divinam
521 821 723 886 clementiam
754 825 786 884 et
817 843 875 904 per
904 820 1164 885 intercessionem
1193 823 1282 887 beate

132 924 232 988 Maria
256 924 393 1006 virginis
423 927 515 990 nobis
537 931 704 1010 operatum
737 949 801 991 uon
825 927 942 992 nostris
964 927 1097 991 meritis.
1146 927 1188 991 Et
1210 950 1281 1012 pre·

131 1030 265 1094 scutatis
286 1053 379 1094 mane
403 1031 540 1110 litteris,
564 1033 707 1116 exposito
730 1033 861 1117 negotio
884 1054 990 1098 coram
1012 1032 1185 1115 gardiano,
1220 1055 1281 1097 res·

132 1135 245 1217 pondit
268 1135 353 1199 idem
369 1136 488 1202 dicens:
518 1136 740 1201 »Revercudus
756 1141 848 1220 pater
862 1138 1001 1202 vicarius
1016 1137 1182 1220 provincie
1204 1160 1282 1202 non·

133 1241 206 1305 dum
231 1240 368 1319 advenit,
392 1243 445 1305 sed
469 1243 555 1306 omni
580 1243 659 1307 bora
682 1247 883 1326 expectamus
911 1242 1140 1327 paternitatem
1163 1264 1280 1307 suam«

133 1344 307 1409 incurvans
322 1369 372 1410 1119
384 1347 595 1430 geniculando
611 1349 720 1434 rogavi
738 1371 796 1432 pro
809 1349 958 1432 hospitio,
975 1370 1140 1432 quousque
1152 1348 1281 1426 veniret,

71 1453 74 1458 ’
133 1451 268 1514 offerens
290 1475 340 1516 1119
363 1454 402 1521 ad
419 1453 632 1517 obedientiam
648 1453 777 1517 interim
800 1454 882 1517 sicut
903 1453 997 1518 ceteri
1014 1454 1131 1516 fratres
1155 1454 1193 1517 de
1210 1475 1281 1517 cou-

131 1560 237 1622 191110.
284 1556 363 1621 Ecce
387 1560 523 1642 quantas
556 1559 677 1642 gratias
700 1559 792 1622 nobis
824 1558 970 1622 dominus
1003 1557 1225 1640 superaddidit
1248 1580 1283 1621 ex

133 1684 189 1725 sua
211 1661 279 1725 sola
301 1662 483 1726 dulcedine!
520 1685 594 1726 uam
617 1663 806 1726 reverendus
829 1666 921 1745 pater
944 1662 1116 1745 gardionus
1149 1684 1207 1726 nos
1230 1663 1282 1725 be·

100 1798 105 1808 ·
135 1766 232 1849 nigue
256 1769 288 1829 91
310 1767 489 1831 voluntarie
513 1767 669 1851 suscepit,
693 1767 868 1850 hospitium
891 1767 1029 1845 addixit,
1052 1787 1208 1850 generose
1231 1788 1284 1830 nos

133 1871 245 1949 tenuit,
269 1876 302 1936 et
323 1895 431 1936 omues
454 1875 561 1956 patres
584 1876 616 1936 91
638 1871 755 1936 fratres
778 1873 869 1936 nobis
892 1893 1044 1955 maguam
1062 1871 1232 1936 caritatem
1254 1875 1284 1935 91

133 1979 342 2042 reverentiam
367 1977 588 2057 exhibuerunt,
612 1979 758 2062 proprias
781 1978 876 2044 cellas
899 1978 1112 2062 assignarunt,
1138 1981 1171 2042 91
1195 1977 1283 2062 quasi

133 2084 264 2165 angelos
287 2084 336 2147 dei
360 2105 417 2148 nos
440 2105 497 2166 per
520 2087 625 2148 totum
648 2087 789 2167 tempus,
815 2085 898 2167 quod
921 2103 1046 2147 eramus
1069 2082 1134 2161 ibi,
1166 2085 1281 2170 tracta-

133 2191 257 2253 verunt.
513 2187 515 2191 ’

221 2292 330 2358 Socius
354 2316 480 2378 quoque
510 2316 598 2359 meus
621 2297 771 2378 percepta
794 2316 812 2357 a
835 2294 893 2356 deo
916 2291 1039 2375 gratia,
1070 2295 1217 2356 mutatus
1249 2293 1284 2356 de

133 2421 190 2463 sua
212 2399 397 2480 pertinacia,
420 2401 566 2482 prevenit
588 2420 657 2476 me;
688 2422 761 2463 nam
785 2398 950 2462 humiliter
973 2401 1154 2481 prostratus
1177 2420 1284 2464 coram

135 2526 196 2584 me,
220 2503 310 2587 quasi
325 2503 428 2568 flendo
445 2525 671 2587 recognoscens
686 2503 813 2586 culpam
836 2524 925 2566 suam
949 2503 1031 2567 uude
1052 2506 1084 2566 91
1100 2503 1206 2586 plene,
1231 2505 1284 2569 ob-

134 2630 259 2673 secrans
281 2631 332 2672 me
355 2609 466 2674 devote
488 2609 655 2693 indulgere
684 2609 746 2673 sibi
770 2609 852 2672 hanc
875 2608 1003 2673 noxiam
1025 2612 1159 2692 propter
1182 2612 1284 2689 deum,

134 2715 341 2799 promittens,
374 2716 457 2799 quod
480 2738 643 2800 uunquam
675 2716 713 2779 de
736 2718 840 2780 cetero
862 2714 960 2779 vellet
982 2713 1104 2793 iacere,
1128 2716 1183 2780 sod
1206 2715 1285 2780 mibi

133 2821 262 2885 omnino
286 2823 318 2883 91
333 2820 511 2884 voluntarie
527 2820 656 2884 obedire
672 2823 704 2884 91
720 2819 890 2902 diligenter
905 2819 1025 2884 servire
1040 2823 1073 2883 et
1088 2819 1120 2882 in
1139 2821 1285 2885 omnibus

135 2928 173 2991 dc
197 2929 301 2990 cetero
324 2925 427 2989 fidelis
457 2947 532 2990 esse.
578 2925 697 2990 Videus
731 2947 820 2989 suam
851 2924 1005 2988 humilem
1036 2924 1285 3008 resignationem

134 3035 166 3096 et
189 3031 282 3115 culpe
305 3032 555 3116 recognitionem
578 3035 610 3095 et
633 3031 886 3114 promissionem,
913 3031 996 3114 quod
1020 3031 1058 3094 de
1081 3034 1187 3095 cetero
1211 3030 1286 3096 talia

136 3159 199 3201 non
215 3137 311 3202 vellet
333 3137 414 3201 mibi
430 3137 544 3216 facere,
568 3138 730 3202 continere
745 3136 881 3220 amplius
903 3157 1033 3200 menon
1050 3135 1152 3218 potui,
1177 3139 1211 3200 et
1233 3158 1284 3200 ax·

136 3243 240 3325 posito
254 3241 264 3277 ¹
282 3242 414 3306 caritate
431 3246 463 3307 et
476 3243 675 3322 confidentia,
692 3243 724 3306 111
741 3265 804 3327 qua
820 3264 892 3306 eum
908 3241 1156 3324 assumpsissem,
1173 3246 1286 3325 sponte

135 3351 167 3410 et
190 3347 317 3430 penitus
349 3351 481 3430 propter
511 3349 605 3412 deum
635 3347 740 3412 dimisi
770 3350 802 3410 et
829 3346 959 3411 indulsi.
1005 3346 1046 3409 Et
1067 3347 1287 3428 superaddidit

133 3452 217 3516 deus
231 3452 369 3535 gratiam
392 3453 499 3531 talem,
524 3454 607 3537 quod
631 3453 779 3536 deinceps
803 3451 924 3534 incepit
952 3450 1033 3514 mihi
1057 3449 1197 3514 fideliter
1221 3473 1285 3519 sar·

135 3557 211 3637 vire,
235 3558 428 3622 reverentias
444 3558 602 3638 exhibere,
618 3562 765 3641 prompte
781 3556 920 3636 obedire,
943 3555 1021 3620 etin
1037 3554 1186 3619 omnibus
1210 3556 1285 3619 fide·

134 3661 260 3726 litatem
289 3661 369 3726 mihi
393 3662 505 3727 facere.
551 3663 634 3727 Laus
667 3668 698 3727 91
721 3663 824 3747 gloria
854 3662 898 3725 sit
928 3661 985 3725 deo
1008 3661 1224 3744 omnipotenti
1257 3666 1288 3726 91

134 3767 377 3832 clementissimo
400 3767 496 3832 1119911
519 3767 645 3833 Christo
675 3769 709 3832 iu
733 3767 856 3833 cunctis
885 3766 950 3831 91119
981 3763 1094 3847 gratiis
1124 3770 1158 3830 91
1187 3766 1288 3845 donis,

135 3874 190 3958 qui
214 3877 286 3956 post
308 3871 457 3938 lacrimas
481 3877 513 3936 91
529 3874 754 3938 tribulationes
770 3872 930 3956 patienter
952 3871 1116 3937 tolleratas
1144 3872 1287 3958 largissi-

134 4002 201 4043 mas
224 3978 365 4042 infundit
387 3978 637 4043 consolationes!

221 4082 388 4148 Stantibus
412 4083 503 4147 nobis
525 4083 558 4146 in
583 4084 691 4147 eodem
709 4085 876 4161 conventu,
900 4081 1004 4164 parati
1028 4081 1067 4146 ad
1089 4079 1222 4166 singula
1246 4085 1288 4149 fa·

135 4190 262 4269 cienda,
295 4188 421 4253 afesto
446 4185 597 4253 Undecirn
621 4188 745 4253 milium
770 4187 930 4273 virgiuum
953 4207 1052 4270 usque
1083 4187 1122 4251 ad
1152 4191 1289 4274 primam

700 4333 719 4368 a

209 4415 221 4467 l
242 4414 379 4485 exposita.
