2842 5070
684 393 747 463 308

140 572 281 636 nanimes
305 574 337 636 in
362 573 432 652 fide,
456 596 512 657 spe
536 575 614 638 bene
631 574 759 650 firmati,
785 573 918 637 caritate
942 575 991 637 dei
1016 579 1048 638 et
1063 573 1206 657 proximi
1223 573 1292 638 fun·

140 677 224 741 ditus
249 678 391 757 radicati,
415 679 448 742 in
471 678 561 743 nullo
585 699 691 742 errore
714 679 863 761 suspecti,
887 700 946 742 nec
969 679 1102 742 minima
1124 679 1213 743 fama
1236 678 1292 741 ali·

139 781 228 845 enius
245 781 363 846 heresis
387 805 445 866 per
469 783 518 846 dei
535 782 673 866 gratiam
690 783 804 846 notati.
853 783 892 845 hlt
909 784 985 867 qnid
1002 784 1131 847 dicam?
1158 783 1292 848 Ecclesia

140 907 268 950 romane
290 887 323 950 in
347 889 494 952 omnibus
517 891 592 951 sunt
615 888 807 963 obedientes,
832 889 888 951 deo
911 889 961 952 die
984 912 1021 954 ac
1043 895 1138 954 nocte
1155 888 1290 952 fideliter

139 991 321 1068 servientes,
346 991 474 1057 lhesum
496 1015 607 1057 verum
630 994 722 1057 deum
746 997 778 1056 et
802 994 962 1059 hominem
985 1018 1023 1060 ex
1043 997 1172 1080 virgine
1195 993 1292 1057 Maria

139 1098 250 1159 natum
273 1100 306 1160 et
332 1097 483 1178 spiritum
500 1101 655 1176 sanctuni,
679 1122 697 1162 a
720 1099 787 1163 filio
802 1099 885 1163 sieut
907 1123 926 1163 a
949 1106 1041 1183 patre
1057 1100 1289 1184 procedentem,

138 1200 265 1283 publice
288 1206 400 1265 contra
423 1202 580 1266 hereticos
603 1203 807 1282 confitentes,
833 1201 881 1288 [p.
906 1204 982 1288 364]
1008 1205 1226 1268 Euharistiam
1260 1203 1288 1264 in

137 1306 245 1370 azimis
269 1307 404 1390 panibus
428 1313 460 1372 et
482 1309 567 1386 vino,
591 1309 692 1372 mixto
715 1331 797 1392 aqna
819 1309 851 1371 in
877 1309 983 1385 calice,
1007 1309 1196 1392 frequenter
1218 1328 1287 1371 cou-

137 1411 296 1489 ficientes,
333 1434 455 1477 errores
490 1414 625 1478 aliarum
648 1415 817 1479 nationum
840 1415 1001 1494 odientes,
1033 1415 1163 1479 hereses
1185 1434 1285 1477 eornm

138 1517 354 1599 reprobantes,
379 1523 411 1583 et
426 1524 537 1584 contra
554 1519 711 1584 hereticos
726 1520 843 1584 acriter
859 1520 1074 1604 inpingentes,
1099 1522 1286 1604 quapropter

139 1643 202 1685 non
226 1644 342 1704 paucas
365 1624 577 1688 detractiones
609 1625 649 1688 ab
673 1625 749 1706 ipsis
771 1623 921 1688 hereticis
949 1623 1149 1701 sufferentes,
1172 1644 1209 1687 ac
1231 1644 1283 1686 non

136 1727 274 1791 modicas
298 1729 503 1792 adversitates
528 1734 559 1792 et
580 1729 742 1793 molestias
768 1751 786 1792 a
809 1727 992 1792 Sarracenis
1015 1729 1169 1792 continue
1195 1728 1279 1792 susti·

137 1837 258 1896 nentes.
304 1831 439 1897 Indubie
470 1835 611 1917 undique
645 1834 810 1918 angustie,
846 1834 986 1918 undique
1008 1834 1235 1898 tribulationes
1255 1837 1278 1896 et

137 1937 383 2021 circumquaque
406 1942 494 2002 stant
517 1938 669 2022 pericula.
716 1938 757 2002 Et
780 1940 842 2002 nisi
867 1941 974 2023 gratia
996 1938 1046 2002 dei
1070 1939 1234 2015 consolati,
1254 1941 1278 2000 et

137 2065 235 2106 manu
257 2043 421 2122 adiutrice,
446 2045 625 2108 elemosinis
640 2044 905 2124 christifidelium,
930 2066 968 2108 ex
985 2043 1157 2127 inponenti
1180 2042 1275 2119 adiuti,

137 2148 307 2211 subsistere
331 2153 362 2211 et
386 2153 494 2214 tenere
520 2150 589 2214 loca
612 2149 645 2213 in
670 2153 757 2213 terra
773 2154 883 2213 sancta
897 2149 1030 2213 minime
1047 2153 1195 2232 possent3
1216 2168 1274 2210 nam

136 2252 278 2316 infideles
302 2257 334 2316 et
356 2253 500 2333 heretici,
525 2259 560 2318 ut
582 2259 693 2318 notum
717 2259 782 2335 est,
820 2254 901 2317 nihil
926 2254 957 2318 in
981 2255 1080 2318 sacris
1103 2253 1179 2317 locis
1201 2250 1272 2315 edifi-

136 2362 211 2421 cant
234 2379 291 2421 nec
314 2360 507 2442 pauperibus
529 2359 686 2424 fratribus
709 2360 830 2444 aliquid
854 2361 947 2437 dant,
972 2380 1046 2444 ymo
1070 2379 1196 2441 semper
1220 2356 1271 2431 hec,

139 2485 199 2547 que
223 2463 353 2541 habent,
376 2464 473 2527 etiam
495 2463 631 2528 aufferre
655 2465 792 2528 student.
840 2464 881 2528 Et
912 2463 984 2547 quis
1009 2468 1091 2526 esset
1124 2467 1188 2526 tam
1210 2461 1271 2523 dure

135 2567 256 2649 cordis,
290 2567 420 2631 audiens
444 2571 475 2632 et
499 2569 701 2632 considerans
724 2590 783 2651 pro
806 2589 838 2632 se
861 2572 894 2632 et
917 2590 975 2632 sna
995 2571 1100 2632 matre
1122 2569 1211 2630 tanta
1229 2585 1269 2628 su·

138 2673 267 2750 stinere,
291 2677 324 2737 et
347 2695 410 2738 non
434 2676 686 2738 commoveretur
708 2675 747 2738 ad
770 2674 1019 2739 subveniendum
1042 2695 1115 2738 oum
1138 2673 1200 2736 suis
1220 2669 1269 2733 ele·

135 2779 265 2843 mosinis
288 2779 350 2843 hiis
373 2780 526 2844 fratribus
549 2781 583 2843 in
600 2784 790 2862 paupertate
816 2784 849 2844 et
863 2780 1051 2844 necessitate
1067 2775 1241 2842 constitutis
1253 2771 1268 2834 ¹.

135 2934 143 2950 .
168 2935 175 2948 .
201 2936 208 2951 .
232 2882 259 2948 0
283 2907 337 2950 vos
361 2907 478 2965 omnes,
504 2886 559 2969 qui
582 2886 730 2950 militatis
754 2887 812 2950 sub
834 2885 953 2949 vexillo
976 2883 1079 2948 erneis
1103 2881 1228 2958 Christi,
1246 2880 1269 2940 et

136 2991 190 3074 qni
216 2992 380 3074 quiescitis
402 2992 460 3055 sub
484 2990 545 3054 alis
569 2994 678 3071 sancte
700 2989 814 3053 matris
837 2989 965 3055 ecclesie
981 3009 1122 3067 romane,
1145 2984 1267 3051 conside·

136 3100 204 3160 rate
227 3102 342 3175 mente,
368 3095 503 3179 recipite
526 3095 636 3174 corde,
660 3094 792 3177 aspicite
816 3100 848 3158 et
870 3093 961 3158 oculo
985 3091 1146 3176 corporali
1169 3095 1267 3154 terram

134 3205 167 3264 et
190 3202 354 3266 civitatem
375 3207 532 3278 vestram,
565 3201 708 3284 precioso
730 3201 885 3284 sanguine
908 3199 1004 3263 lhesn
1026 3195 1169 3274 Christi,
1191 3189 1268 3258 vestri

134 3306 353 3390 redemptoris,
379 3327 539 3389 aspersam
563 3308 595 3370 et
617 3305 865 3383 sanctificatam,
900 3305 1027 3388 iamque
1059 3324 1115 3386 per
1139 3301 1267 3365 ducentos

134 3415 166 3476 et
189 3413 354 3496 octaginta
388 3415 420 3475 et
453 3415 518 3474 tres
548 3432 647 3475 annos
674 3411 848 3494 aperfidis
872 3408 1055 3474 Sarracenis
1088 3412 1121 3471 et
1143 3401 1266 3490 pessimis

134 3516 283 3581 hereticis
299 3536 473 3599 possessam
497 3521 529 3579 et
546 3516 774 3594 conculcatam,
797 3536 872 3600 ymo
895 3515 935 3578 ab
951 3512 1136 3578 infidelibus
1158 3508 1265 3575 canitur

135 3622 291 3706 quottidie
308 3621 445 3701 fedatur,
469 3623 656 3705 conspuitur
680 3625 711 3686 et
732 3621 894 3685 deridetur
916 3620 948 3683 in
966 3620 1151 3702 despectum
1167 3607 1263 3679 Christi
1311 3672 1313 3683 ,

132 3734 165 3791 et
187 3728 287 3792 sancti
304 3728 443 3792 nominis
464 3727 643 3794 christiani.
692 3726 861 3791 Accurrite
876 3724 1045 3789 defendere
1061 3723 1208 3788 honorem
1227 3712 1263 3779 dei

131 3833 247 3910 vestri,
270 3832 420 3896 festinate
445 3833 582 3898 liberare
607 3834 814 3898 hereditatem
838 3835 993 3910 vestram,
1027 3828 1166 3894 accedite
1186 3818 1262 3887 confi·

131 3939 242 4002 denter
273 3939 431 4020 expellere
462 3938 550 4003 foras
586 3959 678 4003 canes
701 3937 895 4013 immundos,
924 3940 957 3999 et
979 3935 1127 3999 dominus
1149 3931 1205 3996 erit
1221 3944 1261 3989 ro·

130 4044 262 4108 biscum.
307 4043 448 4108 Incedite
473 4067 530 4129 pro
554 4045 677 4111 viribus
692 4042 809 4108 vestris
824 4039 961 4124 vestigia
983 4037 1173 4104 nobilissimi
1193 4029 1261 4118 priu-

130 4149 209 4231 cipis
233 4148 399 4214 Godofridi
423 4150 461 4213 de
484 4149 658 4233 Bblheym,
682 4153 713 4213 et
736 4147 778 4212 ob
801 4167 941 4212 amorem
966 4144 1084 4224 lhesu‚
1116 4163 1172 4228 pro
1192 4132 1261 4202 nobis

719 4291 738 4327 ’Χ-

201 4396 213 4446 l
234 4380 309 4449 liber
327 4395 378 4450 dae
396 4394 478 4449 leben
496 4393 545 4448 der
563 4391 714 4448 Minoriten
737 4390 768 4445 in
788 4388 945 4445 Jerusalem
967 4388 1027 4458 vgl.
1046 4385 1192 4445 besonders
1206 4377 1261 4446 0⁰*

131 4499 210 4538 reem.
229 4483 251 4550 Ι,
271 4485 321 4540 170
340 4483 383 4537 bie
401 4481 463 4541 206.
