2842 5070
702 336 720 399 8

139 512 214 596 quie
236 511 298 575 iam
321 511 517 575 inveteratus
540 531 575 573 ac
590 509 765 593 plurimum
789 515 940 594 gravatus
963 493 1106 574 intus'et
1129 508 1209 573 foris
1230 530 1285 592 per

110 615 252 681 'multas
275 616 499 700 occupationes
531 621 598 680 tam
631 638 669 679 ex
692 621 785 699 parte
807 617 944 681 fratrum
976 620 1085 680 nostre
1108 613 1282 697 religionis,

135 743 277 787 sororum
301 727 409 786 sancte
426 720 530 800 Clare,
553 722 772 786 tertiariorum
790 722 812 802 ¹,
837 745 931 807 quam
949 721 1044 786 etiam
1059 741 1099 784 ex
1121 722 1217 802 parte
1238 740 1284 783 se·

135 827 289 891 cularium
311 849 529 911 personarum,
553 828 608 913 qui
631 851 739 893 omnes
755 828 894 913 undique
918 833 949 893 et
965 825 1117 893 continue
1140 847 1192 888 me
1214 847 1283 909 per·

134 932 278 998 turbant.
324 931 437 997 Tentis
452 933 555 998 causis
571 934 718 1017 pluribus
734 939 766 998 et
782 932 978 1017 periculosis,
1003 933 1050 1015 [et
1067 932 1118 995 die
1142 951 1180 994 ac
1195 933 1284 994 nocte

134 1059 197 1101 non
228 1037 418 1102 minuuntur
447 1040 501 1104 sed
523 1044 789 1123 augmentantur,
824 1045 856 1104 et
887 1036 1083 1123 singularius
1115 1041 1150 1100 et
1181 1035 1284 1098 verius

135 1143 329 1208 conscientia
350 1145 494 1227 propria,
520 1166 582 1228 que
604 1167 667 1209 non
691 1151 793 1209 cessat
807 1144 973 1208 stimulare
996 1164 1032 1207 ac
1048 1141 1195 1206 mordere
1217 1138 1283 1202 ani-

134 1271 221 1312 mum
244 1271 366 1327 meum,
398 1271 455 1314 nec
486 1250 560 1314 silet
589 1250 627 1315 ad
658 1251 757 1314 ictum
785 1250 879 1315 oculi.
925 1249 967 1312 Et
991 1247 1067 1333 qnid
1098 1244 1182 1309 mihi
1203 1264 1284 1307 nunc

134 1357 235 1418 restat
256 1354 342 1419 aliud
358 1355 464 1421 facere
487 1378 583 1440 quam
598 1357 733 1420 solerter
757 1360 790 1421 et
813 1357 877 1421 cito
895 1357 1042 1420 excutere
1058 1349 1225 1435 pulverem
1248 1347 1283 1412 de

134 1459 266 1543 pedibus
289 1457 411 1544 meis]²
440 1465 471 1526 et
493 1463 650 1546 meipsum
677 1464 722 1546 [p.
747 1464 782 1546 4]
807 1461 939 1546 perdere
969 1463 1001 1525 et
1023 1458 1056 1522 in
1080 1457 1152 1520 loco
1175 1455 1282 1538 ignoto

134 1569 167 1628 et
182 1565 325 1643 obscuro,
348 1566 403 1630 ubi
419 1567 577 1631 alamania
592 1567 712 1651 lingwa
726 1567 806 1632 mihi
822 1589 886 1631 non
902 1567 1057 1642 occurrat,
1080 1559 1280 1636 abscondere,

134 1670 243 1754 ibique
260 1669 421 1752 passiones
437 1673 584 1757 proprias
600 1673 731 1753 calcare,
754 1695 823 1736 mea
839 1676 969 1757 peccata
985 1692 1056 1735 cum
1072 1665 1282 1732 amaritudine

135 1776 237 1840 cordis
260 1776 383 1856 deflere,
417 1779 510 1844 deum
534 1801 639 1844 meum
673 1780 704 1843 in
729 1778 858 1842 silentio
882 1776 1066 1861 prestolare,
1096 1794 1157 1856 pro
1181 1769 1282 1854 gratia

135 1885 167 1945 et
182 1881 356 1946 virtutibus
379 1883 471 1947 deum
492 1885 643 1948 continue
657 1884 815 1968 flagitare,
839 1881 1088 1947 amantissimam
1105 1876 1280 1962 passionem

133 1985 307 2051 dulcissimi
330 1985 425 2052 Ihesu
440 1988 552 2054 devote
571 2010 790 2068 rememorare,
814 1985 1029 2052 recollectioni
1045 1984 1111 2048 vite
1126 2003 1197 2045 mee
1212 2000 1280 2063 pre-

134 2091 229 2155 terite
249 2112 286 2155 ac
302 2093 566 2177 contemplationi
582 2095 756 2179 diligenter
773 2093 929 2173 inherere,
954 2092 1046 2157 deum
1062 2110 1121 2173 pro
1137 2087 1282 2152 omnibus

136 2196 318 2261 hominibus
342 2203 374 2263 et
397 2200 533 2265 maxime
556 2222 615 2284 pro
639 2201 717 2265 meis
740 2199 993 2265 benefactoribus
1015 2217 1088 2261 cum
1111 2191 1281 2277 gemitibus

133 2301 257 2365 solicite
279 2324 418 2368 exorare.
464 2303 605 2380 Quorum
630 2327 687 2370 nec
710 2327 808 2370 unum
831 2305 863 2368 in
888 2309 957 2369 tota
972 2298 1140 2387 provincia
1157 2296 1281 2380 Argen-

134 2407 214 2484 tina,
237 2405 270 2470 in
287 2407 356 2471 loco
372 2410 553 2492 magnevol
569 2432 667 2493 parvo
684 2432 811 2494 possum
826 2408 1074 2494 apprehendere,
1095 2425 1160 2469 non
1178 2406 1280 2466 tamen

135 2512 258 2577 ratione
274 2513 436 2595 provincie
450 2515 501 2578 vel
517 2515 650 2580 alicuius
666 2516 727 2580 loci
751 2517 803 2581 sed
820 2516 944 2580 ratione
959 2533 1187 2599 personarum,
1211 2528 1280 2571 nam

135 2639 323 2705 quocunque
338 2617 460 2682 locatus
475 2620 576 2699 fuero,
600 2621 695 2685 etiam
719 2621 747 2684 si
769 2625 801 2685 et
817 2624 981 2704 exemptus
1004 2623 1036 2683 et
1059 2614 1281 2702 privilegiatus

134 2748 191 2810 per
215 2724 419 2788 reverendum
444 2725 596 2789 vicarium
620 2725 800 2810 generalem
824 2731 857 2790 et
879 2721 1106 2810 provincialem
1131 2742 1196 2800 ero,
1218 2739 1279 2782 non

135 2838 241 2897 tamen
265 2832 423 2893 cessarent
447 2852 610 2895 murmura
632 2832 857 2914 gardianorum
881 2835 913 2895 et
936 2827 1193 2912 suppositorum,
1227 2842 1280 2886 nec

135 2937 337 3001 servarentur
352 2934 432 2997 mihi
444 2936 600 3019 promisse
615 2958 672 3003 neo
681 2937 801 3021 scripta
816 2937 1029 3020 superiorum:
1045 2933 1188 2998 cessante
1199 2928 1278 2994 enim

133 3043 257 3130 prelato
267 3044 390 3105 cessant
400 3042 610 3106 communiter
619 3040 705 3127 leges
716 3043 791 3110 eius.
809 3041 877 3108 Hec
888 3046 974 3122 sunt,
985 3061 1046 3123 que
1058 3061 1109 3103 me
1121 3038 1278 3123 premunt,

698 3183 715 3214 i·

207 3270 220 3322 1
240 3265 295 3320 Der
313 3266 352 3319 hl.
371 3265 532 3320 Franciscns
551 3267 659 3322 schrieb
678 3267 862 3324 bekanntlich
879 3268 926 3321 fiir
945 3267 990 3323 die
1008 3267 1047 3322 hl.
1067 3265 1161 3328 Olera,
1180 3263 1279 3320 welche

134 3358 192 3412 sich
204 3353 295 3409 seiner
308 3352 475 3422 geistlichen
490 3353 601 3424 leitnng
613 3355 772 3425 tibergeben
790 3356 848 3409 und
862 3356 957 3411 seinen
975 3354 1048 3424 geist
1068 3352 1119 3407 anf
1135 3352 1188 3407 das
1200 3351 1279 3407 weib-

132 3444 205 3500 liche
225 3439 386 3510 geschlecht
405 3440 576 3510 fibertragen
595 3443 684 3506 batte,
709 3442 845 3497 ebenfalls
864 3442 924 3498 eine
943 3440 1130 3510 ordensregel,
1159 3439 1279 3495 weshalb

133 3535 184 3588 der
202 3530 289 3586 orden
308 3528 358 3583 der
373 3526 544 3582 Clarissinen
564 3529 614 3583 der
632 3529 728 3584 aweite
747 3530 833 3587 orden
851 3530 898 3585 des
916 3531 956 3606 hl.
971 3529 1133 3585 Franziscus
1153 3530 1279 3598 genennt

132 3619 211 3675 wird.
248 3616 323 3671 Aber
342 3615 413 3669 auch
439 3617 485 3669 fiir
510 3618 575 3686 jene
593 3635 730 3687 personen
749 3619 883 3676 beiderlei
902 3620 1100 3691 geschlecbtes.
1130 3618 1236 3673 welche
1252 3617 1280 3670 in

132 3709 183 3764 der
200 3705 269 3760 welt
297 3704 378 3759 leben
397 3709 523 3770 musaeu,
551 3706 619 3761 aber
647 3705 718 3762 doch
745 3707 819 3762 nach
836 3707 1012 3762 christlicher
1030 3705 1281 3762 volllrommenheit

134 3795 247 3850 streben
274 3791 332 3845 und
362 3809 399 3845 an
426 3791 480 3847 den
498 3793 675 3849 verdiensten
704 3796 752 3851 des
775 3795 975 3850 klosterlicben
993 3795 1088 3851 labens
1107 3794 1282 3850 teilnehmen

132 3882 255 3941 wollten‚
275 3878 384 3933 schrieb
403 3878 528 3935 darselbe
551 3880 655 3951 heiliga
682 3882 743 3937 eine
761 3883 854 3953 regel,
884 3882 929 3938 die
947 3883 1024 3952 regal
1043 3882 1091 3936 des
1113 3882 1225 3937 dritten
1242 3900 1283 3938 or·

132 3970 200 4024 dens
212 3985 267 4024 von
290 3966 339 4021 der
362 3965 444 4032 bulte,
466 3968 569 4024 welche
590 3987 643 4025 von
658 3971 873 4026 verschiedenen
892 3972 1010 4041 pltpsten
1023 3970 1167 4041 bestacigc
1179 3971 1281 4028 warde

133 4059 184 4112 Die
201 4072 351 4126 personen,
379 4054 483 4110 welche
510 4057 583 4109 nach
610 4057 699 4113 dieser
727 4058 804 4128 rege]
831 4058 927 4122 leben,
955 4059 1044 4112 neunt
1063 4075 1132 4112 man
1151 4059 1283 4116 tertiarii.

136 4146 221 4199 Wetz.
240 4141 326 4197 Welt.
344 4142 396 4206 IV,
414 4142 482 4199 1803
501 4145 520 4199 f.
557 4145 691 4215 Hergenr.
710 4147 858 4216 Kircbeng.
884 4147 920 4212 Il,
939 4147 997 4202 368.
1123 4149 1141 4201 2
1161 4147 1217 4203 Der
1237 4147 1284 4202 ab·

132 4229 238 4286 schnitt
256 4229 287 4283 in
304 4229 463 4286 klammern
484 4232 567 4286 riibrt
594 4251 649 4288 von
668 4234 799 4298 andater,
826 4234 953 4290 ziemlich
972 4232 1186 4304 gleichzeitigen
1205 4235 1283 4289 hand

132 4321 197 4382 her,
225 4316 342 4372 welcher
368 4319 438 4372 auch
465 4318 511 4374 die
537 4319 567 4373 in
595 4319 643 4378 der
661 4321 819 4394 eiuleitung
844 4340 866 4377 s.
885 4320 924 4378 IX
950 4319 1053 4378 bereits
1071 4319 1283 4392 besprochenen

132 4403 413 4480 randbemerlrungen
433 4407 600 4483 angehbreu.
