2842 5070
688 318 728 385 18

133 517 240 561 servus
264 494 382 560 domini
400 493 421 559 J
425 495 558 558 ohannis
581 493 691 573 Yrma,
715 494 793 558 civis
810 493 1003 573 basiliensis,
1028 495 1082 579 qui
1100 494 1212 560 salvos·
1229 515 1282 558 nos

135 602 268 684 recepit3
300 604 368 663 erat
402 604 508 664 tamen
546 599 638 664 nobis
660 599 813 664 ieiunium
848 604 981 683 propter
1015 605 1137 665 sextam
1162 599 1282 664 feriam.

134 705 226 770 Mane
249 706 280 768 in
306 706 356 769 die
379 706 480 769 sancti
504 705 649 769 Mauritii
675 702 733 788 [22
759 703 862 786 Sept]
887 705 973 768 dedit
996 704 1088 768 nobis
1112 726 1229 786 panem
1254 711 1283 768 et

131 809 260 889 vinum,
295 810 427 874 mittens
461 831 517 873 nos
540 810 622 874 viam
647 813 797 873 nostram.
821 845 865 854 —
888 807 950 871 Hic
973 808 1087 890 incipit
1108 807 1217 888 Italia,
1255 817 1284 872 et

132 913 283 997 linguam
307 919 448 979 nostram
472 913 658 992 dimisimus,
683 917 714 976 et
735 913 898 996 lingnam,
922 935 1017 997 quam
1033 935 1104 976 non
1127 915 1281 986 novimus,

133 1019 311 1083 audivimus
334 1057 375 1066 -
395 1017 414 1083 ¹.
461 1019 503 1082 Et
525 1019 586 1082 isto
607 1039 699 1082 mane
715 1018 846 1082 fecimus
869 1018 961 1082 valde
978 1037 1131 1101 magnum
1156 1020 1228 1097 iter,
1252 1024 1282 1082 et

133 1145 258 1188 eramus
281 1124 426 1188 exhausti
450 1146 488 1188 ex
511 1125 621 1189 multis
638 1124 800 1188 laboribus
824 1128 855 1187 et
878 1123 957 1187 artis
981 1123 1117 1203 ieiuniis,
1142 1125 1282 1187 venimus

133 1229 365 1297 intermontes
388 1230 426 1293 ad
450 1230 605 1313 quendam
629 1229 738 1292 villam
756 1227 779 1308 ²,
815 1229 936 1293 distans
961 1228 1039 1292 bene
1072 1229 1137 1292 tria
1170 1250 1282 1311 magna

133 1333 272 1398 miliaria
305 1335 346 1398 ab
367 1332 492 1399 Orlene.
538 1334 579 1399 Et
612 1335 656 1398 ibi
692 1335 776 1398 circa
807 1333 968 1397 meridiem
1001 1338 1137 1417 propter
1169 1334 1281 1397 festum

134 1439 235 1502 sancti
260 1437 403 1503 Mauritii
425 1439 590 1503 celebravi.
637 1438 678 1501 lit
702 1438 782 1502 haul
817 1442 950 1522 propter
972 1437 1213 1502 festinationem
1238 1438 1281 1501 di·

135 1543 206 1606 misi
228 1543 398 1608 diurnale³
423 1550 568 1608 nostrum
592 1544 766 1626 pretiosum
802 1547 834 1605 et
857 1543 1007 1607 dilectum
1043 1543 1076 1605 in
1108 1542 1222 1621 altari,
1253 1547 1282 1605 et

135 1648 253 1713 oblitus
279 1651 400 1727 recessi,
439 1649 603 1712 immemor
629 1668 728 1732 usque
760 1648 798 1710 ad
834 1647 944 1711 horam
974 1648 1198 1730 vespertinam.
1244 1647 1281 1710 ΕΙ

133 1755 260 1819 volente
284 1776 334 1818 me
357 1756 460 1819 dicere
481 1774 645 1836 vesperas,
670 1775 804 1837 querens
827 1752 973 1816 libellum
996 1753 1029 1816 in
1053 1753 1124 1817 loco
1145 1748 1224 1832 suo,
1253 1757 1281 1815 et

135 1860 207 1923 dum
226 1881 288 1923 non
306 1859 423 1939 inveni,
447 1859 555 1923 dolens
571 1859 809 1936 ultramodum,
834 1862 866 1921 et
882 1861 1036 1942 quantum
1055 1880 1214 1922 merorem
1236 1863 1279 1920 at-

135 1987 195 2048 que
211 1965 334 2029 luctum
350 1965 448 2028 habui
472 1965 510 2028 de
526 1963 705 2047 perditione
722 1963 886 2042 diurnalia,
913 1964 1091 2046 exprimere
1107 1984 1172 2027 non
1187 1963 1280 2027 valeo.

136 2068 249 2134 Fateor
272 2075 378 2134 tamen
402 2071 527 2153 culpam
550 2091 665 2147 meam,
701 2070 783 2152 quod
808 2068 903 2132 nimis
926 2069 1022 2132 dilexi
1048 2066 1149 2144 illud;
1183 2069 1281 2150 sepius

134 2176 231 2240 etiam
247 2177 449 2240 ostendebam
474 2176 587 2239 alienis
602 2176 746 2258 personis
770 2175 801 2237 in
819 2173 950 2257 propria
965 2173 1209 2255 complacentia,
1231 2175 1280 2236 de·

134 2280 275 2345 lectabar
297 2281 329 2343 in
354 2281 411 2344 illo
426 2279 499 2362 plus
516 2301 610 2362 quam
626 2278 788 2343 debebam.
827 2279 1031 2361 Quapropter
1046 2277 1187 2341 forsitan
1203 2279 1281 2340 iusto

135 2384 252 2449 iudicio
288 2385 336 2449 dei
357 2385 554 2449 subtractum
590 2389 638 2447 est
660 2383 749 2447 mihi.
795 2383 878 2446 Laus
910 2384 953 2446 sit
981 2383 1196 2465 omnipotenti
1221 2384 1283 2456 deo,

136 2493 191 2573 qui
215 2494 329 2554 cuncta
352 2490 493 2553 concedit
523 2492 555 2552 et
578 2489 704 2573 quando
728 2488 813 2566 vult,
837 2490 956 2552 iterum
979 2487 1117 2563 auffert3
1152 2498 1185 2553 et
1207 2488 1282 2551 sicut

136 2593 263 2657 domino
286 2594 417 2677 placuit,
440 2593 486 2656 ita
509 2593 630 2657 factum
653 2597 714 2656 est:
739 2593 781 2656 sit
804 2614 918 2657 nomen
942 2593 1062 2657 domini
1084 2593 1281 2656 benedictum

136 2697 168 2760 in
194 2701 373 2762 aeternum!
414 2699 549 2762 Demum
572 2720 696 2781 semper
714 2720 837 2762 eramus
861 2700 946 2762 inter
961 2697 1070 2763 Italos.
1121 2697 1282 2762 Dominica

136 2803 186 2867 die
216 2803 272 2887 [23
295 2802 397 2887 Sept]
430 2825 498 2868 sero
531 2805 676 2868 venimus
704 2804 743 2868 ad
774 2804 934 2868 civitatem
968 2803 1210 2878 Bellazolam‘3
1242 2801 1281 2864 ibi

136 2909 307 2973 mansimus
323 2931 393 2973 cum
410 2909 492 2973 bono
505 2909 640 2993 hospite,
657 2909 711 2993 qui
727 2910 821 2974 etiam
840 2911 931 2994 larga
945 2932 1021 2974 cena
1036 2931 1107 2973 cum
1125 2910 1198 2973 aliis
1215 2908 1280 2972 hos·

135 3012 258 3095 pitibus
274 3035 331 3077 nos
347 3014 474 3078 cibavit.
508 3013 549 3078 Et
566 3013 664 3079 dixit:
690 3013 801 3099 >Rogo
825 3036 889 3094 vos,
912 3019 949 3078 ut
973 3014 1005 3078 in
1022 3015 1203 3078 reversione
1227 3014 1280 3076 ite·

136 3140 207 3182 rum
223 3117 388 3182 declinetis
404 3118 442 3182 ad
460 3140 539 3183 me«
576 3118 624 3182 De
642 3142 744 3198 mane,
762 3119 842 3183 feria
856 3121 1002 3199 secunda,
1020 3120 1062 3183 24
1078 3120 1140 3199 die,
1157 3120 1280 3184 fecimus

136 3223 265 3308 longam
289 3223 408 3287 dietam
430 3246 530 3307 usque
546 3224 724 3307 Luganum,
748 3225 857 3308 ibique
873 3224 1011 3289 contulit
1034 3225 1126 3289 nobis
1142 3225 1281 3289 dominus

139 3329 256 3393 bouum
279 3329 438 3413 hospitem
459 3350 516 3413 per
539 3330 696 3414 quendam
719 3330 892 3394 secularem
916 3330 1127 3411 Alamanum,
1152 3331 1208 3416 qui
1229 3330 1279 3394 ob·

135 3435 220 3498 viam
246 3435 336 3499 nobis
359 3436 459 3514 dedit,
488 3439 520 3498 et
542 3435 580 3498 ad
605 3435 736 3497 eundem
760 3456 816 3498 nos
840 3435 942 3514 misit,
968 3435 1023 3519 qui
1047 3435 1140 3499 nobis
1163 3457 1231 3499 sero
1254 3437 1281 3496 et

136 3561 228 3603 mane
242 3545 371 3622 peracta
386 3541 481 3604 missa
495 3540 690 3604 ministravit
706 3540 859 3604 victualia
882 3540 968 3604 laute
993 3545 1026 3604 et
1042 3540 1132 3625 large
1157 3547 1189 3605 et
1211 3560 1279 3623 pro·

705 3686 719 3716 Ι

211 3784 222 3837 l
243 3783 293 3838 Die
311 3782 549 3852 sprachangrenza
567 3780 673 3835 bildete
698 3780 757 3837 also
782 3799 832 3836 vor
849 3781 902 3837 400
916 3781 1021 3851 jahren
1040 3781 1093 3836 wie
1112 3784 1199 3838 haute
1217 3780 1280 3837 noch

136 3871 185 3926 der
204 3871 353 3928 Gotthard.
390 3870 422 3923 ln
439 3868 561 3939 gleicher
582 3868 661 3923 weise
679 3867 717 3921 ist
744 3867 789 3924 die
807 3869 1046 3938 sprachengrenze
1064 3869 1205 3925 awischen
1225 3871 1283 3922 Am-

136 3977 219 4030 pezzo
245 3960 303 4014 und
323 3959 447 4014 Toblaoh
476 3957 529 4013 seit
556 3957 607 4012 400
635 3957 736 4024 jahren
766 3974 859 4026 genau
885 3957 1015 4012 dissolbe.
1053 3955 1140 4011 Fabri
1159 3957 1209 4022 ΙΙΙ,
1227 3957 1283 4010 449.

137 4047 153 4100 2
171 4047 326 4102 Jedenfalls
339 4046 410 4100 Irnis
424 4069 455 4097 =
471 4044 610 4109 Giornieo,
628 4045 745 4099 welches
764 4044 825 4100 eino
837 4045 945 4101 station
959 4061 1019 4098 war
1037 4044 1168 4116 (Epting.
1182 4061 1200 4099 a
1215 4061 1242 4102 a.
1253 4045 1285 4112 o.)

136 4135 195 4188 und
221 4135 251 4188 in
278 4135 326 4189 der
352 4152 407 4189 von
425 4132 556 4188 Walther
583 4132 784 4201 angegebenen
812 4132 982 4201 entfernung
1010 4149 1064 4187 von
1084 4132 1182 4188 Airolo
1211 4133 1286 4201 liegt.

137 4223 154 4275 3
173 4220 226 4275 Ein
238 4221 317 4287 buch,
331 4222 447 4277 welches
456 4221 522 4290 jane
537 4220 697 4275 abschnitte
711 4220 758 4274 des
772 4219 996 4289 breviergebetes
1010 4219 1138 4285 enthfflt,
1157 4220 1203 4275 die
1217 4219 1288 4274 wth-

137 4309 208 4362 rend
225 4309 273 4363 des
285 4312 365 4379 tages
378 4309 492 4379 gebetet
504 4308 616 4363 werden
636 4309 734 4372 sossen,
755 4308 806 4363 das
829 4307 951 4364 officium
972 4307 1107 4363 diurnum
1127 4308 1168 4362 im
1188 4325 1288 4379 gegan-

137 4397 197 4448 satz
216 4415 278 4449 zum
297 4396 420 4451 officium
439 4400 614 4452 nocturnum.
720 4398 736 4451 4
756 4395 927 4454 Bellinzoua.
