<?xml version="1.0" encoding="UTF-8"?>
<!DOCTYPE html PUBLIC "-//W3C//DTD XHTML 1.0 Transitional//EN"
    "http://www.w3.org/TR/xhtml1/DTD/xhtml1-transitional.dtd">
<html xmlns="http://www.w3.org/1999/xhtml" xml:lang="en" lang="en">
 <head>
  <title>
</title>
<meta http-equiv="Content-Type" content="text/html;charset=utf-8" />
  <meta name='ocr-system' content='tesseract 3.04.00' />
  <meta name='ocr-capabilities' content='ocr_page ocr_carea ocr_par ocr_line ocrx_word'/>
</head>
<body>
  <div class='ocr_page' id='page_1' title='image "./fratrispauliwal00waltgoog_0312.png"; bbox 0 0 2842 5070; ppageno 0'>
   <div class='ocr_carea' id='block_1_1' title="bbox 674 319 821 385">
    <p class='ocr_par' dir='ltr' id='par_1_1' title="bbox 674 319 821 385">
     <span class='ocr_line' id='line_1_1' title="bbox 674 319 821 385; baseline 0.007 -2"><span class='ocrx_word' id='word_1_1' title='bbox 674 319 738 385; x_wconf 84' lang='lat'>284</span> <span class='ocrx_word' id='word_1_2' title='bbox 818 360 821 365; x_wconf 83' lang='lat'><strong>·</strong></span> 
     </span>
    </p>
   </div>
   <div class='ocr_carea' id='block_1_2' title="bbox 132 492 1283 2887">
    <p class='ocr_par' dir='ltr' id='par_1_2' title="bbox 176 492 1240 664">
     <span class='ocr_line' id='line_1_2' title="bbox 176 492 1240 579; baseline 0.003 -23"><span class='ocrx_word' id='word_1_3' title='bbox 176 493 223 558; x_wconf 89' lang='lat' dir='ltr'>De</span> <span class='ocrx_word' id='word_1_4' title='bbox 244 495 413 576; x_wconf 89' lang='lat' dir='ltr'>sepulchro</span> <span class='ocrx_word' id='word_1_5' title='bbox 437 494 556 559; x_wconf 91' lang='lat' dir='ltr'>domini</span> <span class='ocrx_word' id='word_1_6' title='bbox 579 495 681 559; x_wconf 77' lang='lat' dir='ltr'>nostri</span> <span class='ocrx_word' id='word_1_7' title='bbox 701 493 799 559; x_wconf 90' lang='lat' dir='ltr'>Ihesu</span> <span class='ocrx_word' id='word_1_8' title='bbox 821 492 941 560; x_wconf 80' lang='lat' dir='ltr'>Christi</span> <span class='ocrx_word' id='word_1_9' title='bbox 964 501 996 562; x_wconf 90' lang='lat' dir='ltr'>et</span> <span class='ocrx_word' id='word_1_10' title='bbox 1018 497 1057 561; x_wconf 91' lang='lat' dir='ltr'>de</span> <span class='ocrx_word' id='word_1_11' title='bbox 1081 494 1154 578; x_wconf 88' lang='lat' dir='ltr'>hijs,</span> <span class='ocrx_word' id='word_1_12' title='bbox 1179 517 1240 579; x_wconf 92' lang='lat' dir='ltr'>que</span> 
     </span>
     <span class='ocr_line' id='line_1_3' title="bbox 578 598 838 664; baseline 0.012 -3"><span class='ocrx_word' id='word_1_13' title='bbox 578 598 624 662; x_wconf 92' lang='lat' dir='ltr'>ibi</span> <span class='ocrx_word' id='word_1_14' title='bbox 646 598 731 664; x_wconf 87' lang='lat' dir='ltr'>faeta</span> <span class='ocrx_word' id='word_1_15' title='bbox 753 602 838 664; x_wconf 90' lang='lat' dir='ltr'>sunt.</span> 
     </span>
    </p>

    <p class='ocr_par' dir='ltr' id='par_1_3' title="bbox 132 701 1283 2887">
     <span class='ocr_line' id='line_1_4' title="bbox 221 701 1282 790; baseline 0 -22"><span class='ocrx_word' id='word_1_16' title='bbox 221 754 229 768; x_wconf 91' lang='lat'><em>.</em></span> <span class='ocrx_word' id='word_1_17' title='bbox 255 754 262 768; x_wconf 94' lang='lat'><strong>.</strong></span> <span class='ocrx_word' id='word_1_18' title='bbox 287 707 528 787; x_wconf 79' lang='lat' dir='ltr'>,portaverunt</span> <span class='ocrx_word' id='word_1_19' title='bbox 557 724 671 786; x_wconf 88' lang='lat' dir='ltr'>corpus</span> <span class='ocrx_word' id='word_1_20' title='bbox 694 701 819 790; x_wconf 89' lang='lat' dir='ltr'>[lhesu]</span> <span class='ocrx_word' id='word_1_21' title='bbox 844 705 882 769; x_wconf 91' lang='lat' dir='ltr'>ad</span> <span class='ocrx_word' id='word_1_22' title='bbox 905 708 1167 784; x_wconf 77' lang='lat' dir='ltr'><strong>monumentum,</strong></span> <span class='ocrx_word' id='word_1_23' title='bbox 1202 705 1282 789; x_wconf 94' lang='lat' dir='ltr'>quod</span> 
     </span>
     <span class='ocr_line' id='line_1_5' title="bbox 134 808 1282 894; baseline 0.002 -22"><span class='ocrx_word' id='word_1_24' title='bbox 134 810 232 873; x_wconf 84' lang='lat' dir='ltr'>distat</span> <span class='ocrx_word' id='word_1_25' title='bbox 255 808 349 875; x_wconf 91' lang='lat' dir='ltr'>hodie</span> <span class='ocrx_word' id='word_1_26' title='bbox 380 809 420 873; x_wconf 86' lang='lat' dir='ltr'>ab</span> <span class='ocrx_word' id='word_1_27' title='bbox 447 809 504 873; x_wconf 92' lang='lat' dir='ltr'>illo</span> <span class='ocrx_word' id='word_1_28' title='bbox 527 809 596 873; x_wconf 91' lang='lat' dir='ltr'>loco</span> <span class='ocrx_word' id='word_1_29' title='bbox 619 809 778 873; x_wconf 89' lang='lat' dir='ltr'>unctionis</span> <span class='ocrx_word' id='word_1_30' title='bbox 801 809 939 894; x_wconf 82' lang='lat' dir='ltr'>triginta</span> <span class='ocrx_word' id='word_1_31' title='bbox 961 831 1087 894; x_wconf 86' lang='lat' dir='ltr'>passus,</span> <span class='ocrx_word' id='word_1_32' title='bbox 1120 817 1152 875; x_wconf 91' lang='lat' dir='ltr'>et</span> <span class='ocrx_word' id='word_1_33' title='bbox 1176 809 1282 874; x_wconf 84' lang='lat' dir='ltr'>eloco</span> 
     </span>
     <span class='ocr_line' id='line_1_6' title="bbox 135 913 1282 999; baseline 0 -21"><span class='ocrx_word' id='word_1_34' title='bbox 135 913 280 979; x_wconf 84' lang='lat' dir='ltr'>Calvarie</span> <span class='ocrx_word' id='word_1_35' title='bbox 303 914 383 978; x_wconf 90' lang='lat' dir='ltr'>bene</span> <span class='ocrx_word' id='word_1_36' title='bbox 407 915 639 999; x_wconf 71' lang='lat' dir='ltr'>quodraginta5</span> <span class='ocrx_word' id='word_1_37' title='bbox 670 921 702 980; x_wconf 92' lang='lat' dir='ltr'>et</span> <span class='ocrx_word' id='word_1_38' title='bbox 725 935 784 998; x_wconf 83' lang='lat' dir='ltr'>ego</span> <span class='ocrx_word' id='word_1_39' title='bbox 807 936 934 979; x_wconf 88' lang='lat' dir='ltr'>mensus</span> <span class='ocrx_word' id='word_1_40' title='bbox 956 936 1025 978; x_wconf 82' lang='lat' dir='ltr'>curn</span> <span class='ocrx_word' id='word_1_41' title='bbox 1050 915 1185 998; x_wconf 88' lang='lat' dir='ltr'>pedibus</span> <span class='ocrx_word' id='word_1_42' title='bbox 1207 915 1282 978; x_wconf 89' lang='lat' dir='ltr'>meis</span> 
     </span>
     <span class='ocr_line' id='line_1_7' title="bbox 134 1018 1281 1102; baseline -0.002 -18"><span class='ocrx_word' id='word_1_43' title='bbox 134 1069 141 1084; x_wconf 95' lang='lat'><strong><em>.</em></strong></span> <span class='ocrx_word' id='word_1_44' title='bbox 167 1068 174 1083; x_wconf 92' lang='lat'><strong>.</strong></span> <span class='ocrx_word' id='word_1_45' title='bbox 200 1069 206 1083; x_wconf 92' lang='lat'>.</span> <span class='ocrx_word' id='word_1_46' title='bbox 233 1068 240 1083; x_wconf 92' lang='lat'><strong>.</strong></span> <span class='ocrx_word' id='word_1_47' title='bbox 275 1018 360 1083; x_wconf 90' lang='lat' dir='ltr'>Illud</span> <span class='ocrx_word' id='word_1_48' title='bbox 375 1022 618 1083; x_wconf 89' lang='lat' dir='ltr'>monumentum</span> <span class='ocrx_word' id='word_1_49' title='bbox 640 1069 648 1083; x_wconf 91' lang='lat'><em>.</em></span> <span class='ocrx_word' id='word_1_50' title='bbox 667 1069 698 1083; x_wconf 92' lang='lat'>..</span> <span class='ocrx_word' id='word_1_51' title='bbox 723 1020 815 1084; x_wconf 92' lang='lat' dir='ltr'>modo</span> <span class='ocrx_word' id='word_1_52' title='bbox 837 1024 902 1084; x_wconf 88' lang='lat' dir='ltr'>stat</span> <span class='ocrx_word' id='word_1_53' title='bbox 925 1019 958 1083; x_wconf 94' lang='lat' dir='ltr'>in</span> <span class='ocrx_word' id='word_1_54' title='bbox 977 1020 1080 1084; x_wconf 89' lang='lat' dir='ltr'>medio</span> <span class='ocrx_word' id='word_1_55' title='bbox 1097 1020 1281 1102; x_wconf 85' lang='lat' dir='ltr'>posterioris</span> 
     </span>
     <span class='ocr_line' id='line_1_8' title="bbox 133 1122 1281 1210; baseline 0.001 -23"><span class='ocrx_word' id='word_1_56' title='bbox 133 1124 236 1206; x_wconf 86' lang='lat' dir='ltr'>partis</span> <span class='ocrx_word' id='word_1_57' title='bbox 257 1122 372 1207; x_wconf 91' lang='lat' dir='ltr'>templi</span> <span class='ocrx_word' id='word_1_58' title='bbox 394 1124 548 1203; x_wconf 85' lang='lat' dir='ltr'>absolute,</span> <span class='ocrx_word' id='word_1_59' title='bbox 572 1124 648 1209; x_wconf 88' lang='lat' dir='ltr'>quia</span> <span class='ocrx_word' id='word_1_60' title='bbox 669 1127 779 1189; x_wconf 87' lang='lat' dir='ltr'>sancta</span> <span class='ocrx_word' id='word_1_61' title='bbox 802 1124 942 1205; x_wconf 80' lang='lat' dir='ltr'>Helena,</span> <span class='ocrx_word' id='word_1_62' title='bbox 975 1126 1101 1210; x_wconf 88' lang='lat' dir='ltr'>quando</span> <span class='ocrx_word' id='word_1_63' title='bbox 1126 1124 1281 1189; x_wconf 85' lang='lat' dir='ltr'>edificavit</span> 
     </span>
     <span class='ocr_line' id='line_1_9' title="bbox 134 1227 1283 1312; baseline -0.001 -19"><span class='ocrx_word' id='word_1_64' title='bbox 134 1228 300 1311; x_wconf 89' lang='lat' dir='ltr'>templum,</span> <span class='ocrx_word' id='word_1_65' title='bbox 323 1227 401 1294; x_wconf 84' lang='lat' dir='ltr'>fecit</span> <span class='ocrx_word' id='word_1_66' title='bbox 416 1228 574 1312; x_wconf 82' lang='lat' dir='ltr'>deponere</span> <span class='ocrx_word' id='word_1_67' title='bbox 594 1235 718 1311; x_wconf 87' lang='lat' dir='ltr'>petram</span> <span class='ocrx_word' id='word_1_68' title='bbox 734 1229 894 1309; x_wconf 83' lang='lat' dir='ltr'>hincinde,</span> <span class='ocrx_word' id='word_1_69' title='bbox 918 1235 950 1294; x_wconf 89' lang='lat' dir='ltr'>et</span> <span class='ocrx_word' id='word_1_70' title='bbox 969 1231 1015 1295; x_wconf 86' lang='lat' dir='ltr'>sic</span> <span class='ocrx_word' id='word_1_71' title='bbox 1037 1230 1070 1293; x_wconf 92' lang='lat' dir='ltr'>in</span> <span class='ocrx_word' id='word_1_72' title='bbox 1094 1229 1200 1293; x_wconf 93' lang='lat' dir='ltr'>medio</span> <span class='ocrx_word' id='word_1_73' title='bbox 1222 1232 1283 1293; x_wconf 81' lang='lat' dir='ltr'>stat</span> 
     </span>
     <span class='ocr_line' id='line_1_10' title="bbox 133 1333 1280 1419; baseline -0.003 -20"><span class='ocrx_word' id='word_1_74' title='bbox 133 1334 337 1418; x_wconf 78' lang='lat' dir='ltr'>sepulchrum</span> <span class='ocrx_word' id='word_1_75' title='bbox 361 1336 427 1400; x_wconf 88' lang='lat' dir='ltr'>sive</span> <span class='ocrx_word' id='word_1_76' title='bbox 449 1336 601 1419; x_wconf 83' lang='lat' dir='ltr'>spelunca</span> <span class='ocrx_word' id='word_1_77' title='bbox 623 1333 743 1400; x_wconf 79' lang='lat' dir='ltr'>Christi</span> <span class='ocrx_word' id='word_1_78' title='bbox 766 1336 825 1400; x_wconf 90' lang='lat' dir='ltr'>sub</span> <span class='ocrx_word' id='word_1_79' title='bbox 848 1337 986 1401; x_wconf 91' lang='lat' dir='ltr'>rotundo</span> <span class='ocrx_word' id='word_1_80' title='bbox 1015 1335 1140 1399; x_wconf 90' lang='lat' dir='ltr'>edificio</span> <span class='ocrx_word' id='word_1_81' title='bbox 1171 1334 1205 1397; x_wconf 93' lang='lat' dir='ltr'>in</span> <span class='ocrx_word' id='word_1_82' title='bbox 1233 1355 1280 1396; x_wconf 88' lang='lat' dir='ltr'>su-</span> 
     </span>
     <span class='ocr_line' id='line_1_11' title="bbox 134 1438 1280 1525; baseline -0.003 -21"><span class='ocrx_word' id='word_1_83' title='bbox 134 1440 253 1524; x_wconf 90' lang='lat' dir='ltr'>periori</span> <span class='ocrx_word' id='word_1_84' title='bbox 276 1444 368 1524; x_wconf 88' lang='lat' dir='ltr'>parte</span> <span class='ocrx_word' id='word_1_85' title='bbox 390 1440 468 1504; x_wconf 87' lang='lat' dir='ltr'>teeti</span> <span class='ocrx_word' id='word_1_86' title='bbox 490 1443 612 1524; x_wconf 87' lang='lat' dir='ltr'>aperto.</span> <span class='ocrx_word' id='word_1_87' title='bbox 658 1439 701 1504; x_wconf 83' lang='lat' dir='ltr'>Et</span> <span class='ocrx_word' id='word_1_88' title='bbox 723 1440 821 1505; x_wconf 90' lang='lat' dir='ltr'>habet</span> <span class='ocrx_word' id='word_1_89' title='bbox 844 1441 934 1525; x_wconf 90' lang='lat' dir='ltr'>quasi</span> <span class='ocrx_word' id='word_1_90' title='bbox 964 1444 1036 1505; x_wconf 92' lang='lat' dir='ltr'>octo</span> <span class='ocrx_word' id='word_1_91' title='bbox 1058 1439 1156 1522; x_wconf 89' lang='lat' dir='ltr'>pedes</span> <span class='ocrx_word' id='word_1_92' title='bbox 1178 1438 1280 1520; x_wconf 84' lang='lat' dir='ltr'>longi·</span> 
     </span>
     <span class='ocr_line' id='line_1_12' title="bbox 133 1543 1278 1629; baseline -0.003 -19"><span class='ocrx_word' id='word_1_93' title='bbox 133 1544 252 1610; x_wconf 91' lang='lat' dir='ltr'>tudinis</span> <span class='ocrx_word' id='word_1_94' title='bbox 276 1551 308 1609; x_wconf 88' lang='lat' dir='ltr'>et</span> <span class='ocrx_word' id='word_1_95' title='bbox 331 1549 468 1629; x_wconf 88' lang='lat' dir='ltr'>quatuor</span> <span class='ocrx_word' id='word_1_96' title='bbox 490 1543 524 1608; x_wconf 91' lang='lat' dir='ltr'>in</span> <span class='ocrx_word' id='word_1_97' title='bbox 539 1543 720 1623; x_wconf 86' lang='lat' dir='ltr'>latitudine,</span> <span class='ocrx_word' id='word_1_98' title='bbox 743 1550 808 1608; x_wconf 87' lang='lat' dir='ltr'>tarn</span> <span class='ocrx_word' id='word_1_99' title='bbox 830 1544 1034 1627; x_wconf 81' lang='lat' dir='ltr'>sepulchrum</span> <span class='ocrx_word' id='word_1_100' title='bbox 1057 1566 1154 1628; x_wconf 87' lang='lat' dir='ltr'>quarn</span> <span class='ocrx_word' id='word_1_101' title='bbox 1178 1549 1278 1608; x_wconf 86' lang='lat' dir='ltr'>trans·</span> 
     </span>
     <span class='ocr_line' id='line_1_13' title="bbox 133 1646 1280 1732; baseline -0.003 -17"><span class='ocrx_word' id='word_1_102' title='bbox 133 1652 207 1729; x_wconf 84' lang='lat' dir='ltr'>itus,</span> <span class='ocrx_word' id='word_1_103' title='bbox 222 1649 316 1714; x_wconf 90' lang='lat' dir='ltr'>ambo</span> <span class='ocrx_word' id='word_1_104' title='bbox 331 1648 426 1713; x_wconf 89' lang='lat' dir='ltr'>simul</span> <span class='ocrx_word' id='word_1_105' title='bbox 441 1651 516 1712; x_wconf 85' lang='lat' dir='ltr'>ante</span> <span class='ocrx_word' id='word_1_106' title='bbox 530 1646 745 1730; x_wconf 80' lang='lat' dir='ltr'>sepulchrum,</span> <span class='ocrx_word' id='word_1_107' title='bbox 766 1653 798 1712; x_wconf 92' lang='lat' dir='ltr'>et</span> <span class='ocrx_word' id='word_1_108' title='bbox 814 1648 848 1713; x_wconf 90' lang='lat' dir='ltr'>in</span> <span class='ocrx_word' id='word_1_109' title='bbox 864 1648 1034 1713; x_wconf 75' lang='lat' dir='ltr'>altitudine</span> <span class='ocrx_word' id='word_1_110' title='bbox 1051 1653 1109 1727; x_wconf 86' lang='lat' dir='ltr'>est,</span> <span class='ocrx_word' id='word_1_111' title='bbox 1127 1654 1280 1732; x_wconf 84' lang='lat' dir='ltr'>quantum</span> 
     </span>
     <span class='ocr_line' id='line_1_14' title="bbox 133 1753 1280 1839; baseline -0.003 -20"><span class='ocrx_word' id='word_1_112' title='bbox 133 1757 227 1821; x_wconf 87' lang='lat' dir='ltr'>homo</span> <span class='ocrx_word' id='word_1_113' title='bbox 249 1757 356 1839; x_wconf 87' lang='lat' dir='ltr'>potest</span> <span class='ocrx_word' id='word_1_114' title='bbox 378 1754 547 1818; x_wconf 76' lang='lat' dir='ltr'>extendere</span> <span class='ocrx_word' id='word_1_115' title='bbox 569 1773 694 1816; x_wconf 88' lang='lat' dir='ltr'>sursum</span> <span class='ocrx_word' id='word_1_116' title='bbox 718 1753 885 1817; x_wconf 89' lang='lat' dir='ltr'>brachium</span> <span class='ocrx_word' id='word_1_117' title='bbox 915 1759 948 1816; x_wconf 90' lang='lat' dir='ltr'>ct</span> <span class='ocrx_word' id='word_1_118' title='bbox 970 1776 1101 1818; x_wconf 90' lang='lat' dir='ltr'>manum</span> <span class='ocrx_word' id='word_1_119' title='bbox 1124 1776 1221 1836; x_wconf 89' lang='lat' dir='ltr'>super</span> <span class='ocrx_word' id='word_1_120' title='bbox 1242 1775 1280 1831; x_wconf 75' lang='lat' dir='ltr'>se,</span> 
     </span>
     <span class='ocr_line' id='line_1_15' title="bbox 134 1856 1281 1946; baseline -0.003 -23"><span class='ocrx_word' id='word_1_121' title='bbox 134 1860 254 1925; x_wconf 86' lang='lat' dir='ltr'>habens</span> <span class='ocrx_word' id='word_1_122' title='bbox 270 1860 452 1946; x_wconf 78' lang='lat' dir='ltr'>ingressum</span> <span class='ocrx_word' id='word_1_123' title='bbox 473 1858 513 1922; x_wconf 88' lang='lat' dir='ltr'>ab</span> <span class='ocrx_word' id='word_1_124' title='bbox 540 1856 663 1922; x_wconf 88' lang='lat' dir='ltr'>oriente</span> <span class='ocrx_word' id='word_1_125' title='bbox 687 1862 718 1921; x_wconf 88' lang='lat' dir='ltr'>et</span> <span class='ocrx_word' id='word_1_126' title='bbox 733 1879 793 1941; x_wconf 93' lang='lat' dir='ltr'>pro</span> <span class='ocrx_word' id='word_1_127' title='bbox 811 1858 916 1923; x_wconf 89' lang='lat' dir='ltr'>hostio</span> <span class='ocrx_word' id='word_1_128' title='bbox 932 1859 1127 1943; x_wconf 84' lang='lat' dir='ltr'>quadratum</span> <span class='ocrx_word' id='word_1_129' title='bbox 1142 1858 1281 1923; x_wconf 86' lang='lat' dir='ltr'>foramen</span> 
     </span>
     <span class='ocr_line' id='line_1_16' title="bbox 134 1962 1282 2046; baseline -0.002 -17"><span class='ocrx_word' id='word_1_130' title='bbox 134 1967 187 2030; x_wconf 87' lang='lat' dir='ltr'>vix</span> <span class='ocrx_word' id='word_1_131' title='bbox 210 1965 244 2029; x_wconf 95' lang='lat' dir='ltr'>in</span> <span class='ocrx_word' id='word_1_132' title='bbox 267 1963 442 2029; x_wconf 91' lang='lat' dir='ltr'>ultitudine</span> <span class='ocrx_word' id='word_1_133' title='bbox 465 1983 564 2046; x_wconf 88' lang='lat' dir='ltr'>usque</span> <span class='ocrx_word' id='word_1_134' title='bbox 587 1962 626 2026; x_wconf 88' lang='lat' dir='ltr'>ad</span> <span class='ocrx_word' id='word_1_135' title='bbox 648 1968 793 2026; x_wconf 82' lang='lat' dir='ltr'>ventrem</span> <span class='ocrx_word' id='word_1_136' title='bbox 816 1984 932 2028; x_wconf 88' lang='lat' dir='ltr'>meum.</span> <span class='ocrx_word' id='word_1_137' title='bbox 978 1963 1107 2028; x_wconf 87' lang='lat' dir='ltr'>Etiam</span> <span class='ocrx_word' id='word_1_138' title='bbox 1132 1968 1207 2027; x_wconf 87' lang='lat' dir='ltr'>ante</span> <span class='ocrx_word' id='word_1_139' title='bbox 1229 1963 1282 2027; x_wconf 93' lang='lat' dir='ltr'>ho·</span> 
     </span>
     <span class='ocr_line' id='line_1_17' title="bbox 133 2066 1283 2151; baseline -0.002 -18"><span class='ocrx_word' id='word_1_140' title='bbox 133 2070 230 2133; x_wconf 90' lang='lat' dir='ltr'>stium</span> <span class='ocrx_word' id='word_1_141' title='bbox 254 2074 302 2133; x_wconf 89' lang='lat' dir='ltr'>est</span> <span class='ocrx_word' id='word_1_142' title='bbox 325 2090 388 2132; x_wconf 89' lang='lat' dir='ltr'>una</span> <span class='ocrx_word' id='word_1_143' title='bbox 403 2089 502 2151; x_wconf 87' lang='lat' dir='ltr'>parva</span> <span class='ocrx_word' id='word_1_144' title='bbox 517 2066 709 2132; x_wconf 80' lang='lat' dir='ltr'>domuncula</span> <span class='ocrx_word' id='word_1_145' title='bbox 723 2068 878 2151; x_wconf 85' lang='lat' dir='ltr'>quadrata</span> <span class='ocrx_word' id='word_1_146' title='bbox 893 2067 987 2144; x_wconf 83' lang='lat' dir='ltr'>facta,</span> <span class='ocrx_word' id='word_1_147' title='bbox 1012 2074 1045 2133; x_wconf 89' lang='lat' dir='ltr'>et</span> <span class='ocrx_word' id='word_1_148' title='bbox 1068 2069 1101 2131; x_wconf 93' lang='lat' dir='ltr'>in</span> <span class='ocrx_word' id='word_1_149' title='bbox 1119 2069 1190 2151; x_wconf 85' lang='lat' dir='ltr'>ipsa</span> <span class='ocrx_word' id='word_1_150' title='bbox 1205 2069 1283 2132; x_wconf 87' lang='lat' dir='ltr'>iacet</span> 
     </span>
     <span class='ocr_line' id='line_1_18' title="bbox 132 2171 1283 2258; baseline -0.003 -19"><span class='ocrx_word' id='word_1_151' title='bbox 132 2195 268 2258; x_wconf 82' lang='lat' dir='ltr'>magnus</span> <span class='ocrx_word' id='word_1_152' title='bbox 290 2174 373 2257; x_wconf 87' lang='lat' dir='ltr'>lapis</span> <span class='ocrx_word' id='word_1_153' title='bbox 395 2172 486 2236; x_wconf 85' lang='lat' dir='ltr'>iuxta</span> <span class='ocrx_word' id='word_1_154' title='bbox 501 2171 655 2236; x_wconf 85' lang='lat' dir='ltr'>foramen.</span> <span class='ocrx_word' id='word_1_155' title='bbox 701 2171 743 2235; x_wconf 86' lang='lat' dir='ltr'>Et</span> <span class='ocrx_word' id='word_1_156' title='bbox 758 2173 878 2252; x_wconf 76' lang='lat' dir='ltr'>dicunt,</span> <span class='ocrx_word' id='word_1_157' title='bbox 902 2173 985 2258; x_wconf 91' lang='lat' dir='ltr'>quod</span> <span class='ocrx_word' id='word_1_158' title='bbox 1009 2173 1143 2256; x_wconf 85' lang='lat' dir='ltr'>angelus</span> <span class='ocrx_word' id='word_1_159' title='bbox 1160 2173 1283 2236; x_wconf 85' lang='lat' dir='ltr'>sedebat</span> 
     </span>
     <span class='ocr_line' id='line_1_19' title="bbox 135 2276 1282 2363; baseline -0.003 -20"><span class='ocrx_word' id='word_1_160' title='bbox 135 2281 169 2342; x_wconf 91' lang='lat' dir='ltr'>in</span> <span class='ocrx_word' id='word_1_161' title='bbox 193 2300 246 2357; x_wconf 84' lang='lat' dir='ltr'>eo,</span> <span class='ocrx_word' id='word_1_162' title='bbox 270 2277 395 2363; x_wconf 91' lang='lat' dir='ltr'>quando</span> <span class='ocrx_word' id='word_1_163' title='bbox 417 2277 568 2360; x_wconf 85' lang='lat' dir='ltr'>apparuit</span> <span class='ocrx_word' id='word_1_164' title='bbox 590 2276 695 2342; x_wconf 86' lang='lat' dir='ltr'>tribus</span> <span class='ocrx_word' id='word_1_165' title='bbox 718 2276 829 2358; x_wconf 84' lang='lat' dir='ltr'>Mariis</span> <span class='ocrx_word' id='word_1_166' title='bbox 860 2279 893 2342; x_wconf 94' lang='lat' dir='ltr'>in</span> <span class='ocrx_word' id='word_1_167' title='bbox 916 2278 999 2343; x_wconf 86' lang='lat' dir='ltr'>festo</span> <span class='ocrx_word' id='word_1_168' title='bbox 1022 2277 1282 2343; x_wconf 86' lang='lat' dir='ltr'>Resurrectionis.</span> 
     </span>
     <span class='ocr_line' id='line_1_20' title="bbox 134 2379 1283 2468; baseline -0.001 -22"><span class='ocrx_word' id='word_1_169' title='bbox 134 2384 176 2446; x_wconf 86' lang='lat' dir='ltr'>Et</span> <span class='ocrx_word' id='word_1_170' title='bbox 199 2404 272 2447; x_wconf 90' lang='lat' dir='ltr'>cum</span> <span class='ocrx_word' id='word_1_171' title='bbox 297 2382 356 2446; x_wconf 89' lang='lat' dir='ltr'>hac</span> <span class='ocrx_word' id='word_1_172' title='bbox 371 2382 582 2466; x_wconf 87' lang='lat' dir='ltr'>descriptione</span> <span class='ocrx_word' id='word_1_173' title='bbox 598 2383 768 2447; x_wconf 87' lang='lat' dir='ltr'>concordat</span> <span class='ocrx_word' id='word_1_174' title='bbox 790 2382 885 2466; x_wconf 91' lang='lat' dir='ltr'>plene</span> <span class='ocrx_word' id='word_1_175' title='bbox 901 2385 1013 2448; x_wconf 88' lang='lat' dir='ltr'>beatus</span> <span class='ocrx_word' id='word_1_176' title='bbox 1037 2383 1080 2467; x_wconf 89' lang='lat' dir='ltr'>[p.</span> <span class='ocrx_word' id='word_1_177' title='bbox 1099 2379 1178 2468; x_wconf 80' lang='lat'>257]</span> <span class='ocrx_word' id='word_1_178' title='bbox 1204 2382 1283 2446; x_wconf 86' lang='lat' dir='ltr'>Beda</span> 
     </span>
     <span class='ocr_line' id='line_1_21' title="bbox 134 2485 1282 2573; baseline 0 -23"><span class='ocrx_word' id='word_1_179' title='bbox 134 2509 229 2571; x_wconf 90' lang='lat' dir='ltr'>super</span> <span class='ocrx_word' id='word_1_180' title='bbox 251 2485 434 2567; x_wconf 85' lang='lat' dir='ltr'>Matheum,</span> <span class='ocrx_word' id='word_1_181' title='bbox 460 2488 638 2552; x_wconf 86' lang='lat' dir='ltr'>describens</span> <span class='ocrx_word' id='word_1_182' title='bbox 661 2488 867 2572; x_wconf 89' lang='lat' dir='ltr'>sepulchrum</span> <span class='ocrx_word' id='word_1_183' title='bbox 890 2487 1029 2566; x_wconf 81' lang='lat' dir='ltr'>Christi,</span> <span class='ocrx_word' id='word_1_184' title='bbox 1054 2488 1099 2552; x_wconf 90' lang='lat' dir='ltr'>sic</span> <span class='ocrx_word' id='word_1_185' title='bbox 1124 2488 1282 2573; x_wconf 90' lang='lat' dir='ltr'>inquiens:</span> 
     </span>
     <span class='ocr_line' id='line_1_22' title="bbox 138 2591 1281 2677; baseline 0.004 -26"><span class='ocrx_word' id='word_1_186' title='bbox 138 2591 233 2656; x_wconf 78' lang='lat' dir='ltr'>»Fuit</span> <span class='ocrx_word' id='word_1_187' title='bbox 255 2593 366 2657; x_wconf 89' lang='lat' dir='ltr'>domus</span> <span class='ocrx_word' id='word_1_188' title='bbox 389 2594 535 2674; x_wconf 88' lang='lat' dir='ltr'>rotunda,</span> <span class='ocrx_word' id='word_1_189' title='bbox 559 2594 597 2658; x_wconf 94' lang='lat' dir='ltr'>de</span> <span class='ocrx_word' id='word_1_190' title='bbox 612 2594 796 2658; x_wconf 88' lang='lat' dir='ltr'>subiacente</span> <span class='ocrx_word' id='word_1_191' title='bbox 819 2616 899 2677; x_wconf 88' lang='lat' dir='ltr'>rupe</span> <span class='ocrx_word' id='word_1_192' title='bbox 922 2594 1035 2674; x_wconf 88' lang='lat' dir='ltr'>excisa,</span> <span class='ocrx_word' id='word_1_193' title='bbox 1061 2597 1155 2658; x_wconf 86' lang='lat' dir='ltr'>tante</span> <span class='ocrx_word' id='word_1_194' title='bbox 1177 2593 1281 2657; x_wconf 88' lang='lat' dir='ltr'>altitu·</span> 
     </span>
     <span class='ocr_line' id='line_1_23' title="bbox 134 2697 1280 2782; baseline 0 -22"><span class='ocrx_word' id='word_1_195' title='bbox 134 2697 227 2777; x_wconf 86' lang='lat' dir='ltr'>dinis,</span> <span class='ocrx_word' id='word_1_196' title='bbox 250 2702 287 2761; x_wconf 91' lang='lat' dir='ltr'>ut</span> <span class='ocrx_word' id='word_1_197' title='bbox 303 2698 356 2762; x_wconf 87' lang='lat' dir='ltr'>vix</span> <span class='ocrx_word' id='word_1_198' title='bbox 379 2697 474 2762; x_wconf 93' lang='lat' dir='ltr'>homo</span> <span class='ocrx_word' id='word_1_199' title='bbox 498 2702 628 2762; x_wconf 83' lang='lat' dir='ltr'>extensa</span> <span class='ocrx_word' id='word_1_200' title='bbox 649 2719 747 2761; x_wconf 91' lang='lat' dir='ltr'>manu</span> <span class='ocrx_word' id='word_1_201' title='bbox 769 2697 895 2763; x_wconf 88' lang='lat' dir='ltr'>culmen</span> <span class='ocrx_word' id='word_1_202' title='bbox 918 2698 1021 2781; x_wconf 86' lang='lat' dir='ltr'>possit</span> <span class='ocrx_word' id='word_1_203' title='bbox 1044 2698 1218 2782; x_wconf 73' lang='lat' dir='ltr'>attingere,</span> <span class='ocrx_word' id='word_1_204' title='bbox 1239 2697 1280 2761; x_wconf 92' lang='lat' dir='ltr'>in-</span> 
     </span>
     <span class='ocr_line' id='line_1_24' title="bbox 134 2799 1280 2887; baseline -0.003 -21"><span class='ocrx_word' id='word_1_205' title='bbox 134 2803 268 2867; x_wconf 88' lang='lat' dir='ltr'>troitum</span> <span class='ocrx_word' id='word_1_206' title='bbox 291 2803 410 2867; x_wconf 84' lang='lat' dir='ltr'>habens</span> <span class='ocrx_word' id='word_1_207' title='bbox 433 2803 474 2866; x_wconf 87' lang='lat' dir='ltr'>ab</span> <span class='ocrx_word' id='word_1_208' title='bbox 496 2803 628 2882; x_wconf 88' lang='lat' dir='ltr'>oriente,</span> <span class='ocrx_word' id='word_1_209' title='bbox 651 2799 703 2867; x_wconf 86' lang='lat' dir='ltr'>cui</span> <span class='ocrx_word' id='word_1_210' title='bbox 717 2823 852 2886; x_wconf 86' lang='lat' dir='ltr'>magnus</span> <span class='ocrx_word' id='word_1_211' title='bbox 875 2802 958 2886; x_wconf 84' lang='lat' dir='ltr'>lapis</span> <span class='ocrx_word' id='word_1_212' title='bbox 973 2802 1142 2887; x_wconf 88' lang='lat' dir='ltr'>appositus</span> <span class='ocrx_word' id='word_1_213' title='bbox 1165 2801 1229 2866; x_wconf 85' lang='lat' dir='ltr'>fuit</span> <span class='ocrx_word' id='word_1_214' title='bbox 1250 2801 1280 2865; x_wconf 86' lang='lat' dir='ltr'>ad</span> 
     </span>
    </p>
   </div>
   <div class='ocr_carea' id='block_1_3' title="bbox 134 2905 1280 3587">
    <p class='ocr_par' dir='ltr' id='par_1_4' title="bbox 134 2905 1280 3587">
     <span class='ocr_line' id='line_1_25' title="bbox 135 2905 1279 2993; baseline -0.003 -23"><span class='ocrx_word' id='word_1_215' title='bbox 135 2908 284 2975; x_wconf 85' lang='lat' dir='ltr'>hostiurn.</span> <span class='ocrx_word' id='word_1_216' title='bbox 330 2907 370 2971; x_wconf 92' lang='lat' dir='ltr'>In</span> <span class='ocrx_word' id='word_1_217' title='bbox 403 2911 495 2991; x_wconf 87' lang='lat' dir='ltr'>parte</span> <span class='ocrx_word' id='word_1_218' title='bbox 518 2907 612 2972; x_wconf 88' lang='lat' dir='ltr'>huius</span> <span class='ocrx_word' id='word_1_219' title='bbox 639 2908 812 2993; x_wconf 88' lang='lat' dir='ltr'>aquilinari</span> <span class='ocrx_word' id='word_1_220' title='bbox 842 2909 930 2973; x_wconf 90' lang='lat' dir='ltr'>locus</span> <span class='ocrx_word' id='word_1_221' title='bbox 953 2906 1105 2972; x_wconf 91' lang='lat' dir='ltr'>dominici</span> <span class='ocrx_word' id='word_1_222' title='bbox 1129 2905 1279 2991; x_wconf 88' lang='lat' dir='ltr'>sepulchri</span> 
     </span>
     <span class='ocr_line' id='line_1_26' title="bbox 703 3022 771 3057; baseline 0 -27"><span class='ocrx_word' id='word_1_223' title='bbox 703 3022 722 3057; x_wconf 43' lang='lat' dir='ltr'>p</span> <span class='ocrx_word' id='word_1_224' title='bbox 769 3025 771 3030; x_wconf 88' lang='lat'>.</span> 
     </span>
     <span class='ocr_line' id='line_1_27' title="bbox 137 3078 1279 3150; baseline -0.002 -17"><span class='ocrx_word' id='word_1_225' title='bbox 137 3079 302 3134; x_wconf 85' lang='lat' dir='ltr'>schiedenen</span> <span class='ocrx_word' id='word_1_226' title='bbox 321 3080 453 3150; x_wconf 82' lang='lat' dir='ltr'>angaben</span> <span class='ocrx_word' id='word_1_227' title='bbox 479 3080 547 3135; x_wconf 76' lang='lat' dir='ltr'>iiber</span> <span class='ocrx_word' id='word_1_228' title='bbox 573 3081 667 3136; x_wconf 87' lang='lat' dir='ltr'>diesen</span> <span class='ocrx_word' id='word_1_229' title='bbox 694 3081 767 3135; x_wconf 85' lang='lat' dir='ltr'>stein</span> <span class='ocrx_word' id='word_1_230' title='bbox 794 3079 848 3134; x_wconf 89' lang='lat' dir='ltr'>mit</span> <span class='ocrx_word' id='word_1_231' title='bbox 876 3078 993 3150; x_wconf 82' lang='lat' dir='ltr'>grossem</span> <span class='ocrx_word' id='word_1_232' title='bbox 1011 3078 1094 3134; x_wconf 87' lang='lat' dir='ltr'>fleisse</span> <span class='ocrx_word' id='word_1_233' title='bbox 1113 3081 1279 3149; x_wconf 84' lang='lat' dir='ltr'>gesammelt.</span> 
     </span>
     <span class='ocr_line' id='line_1_28' title="bbox 135 3165 1280 3238; baseline -0.003 -17"><span class='ocrx_word' id='word_1_234' title='bbox 135 3169 227 3222; x_wconf 88' lang='lat' dir='ltr'>Wenn</span> <span class='ocrx_word' id='word_1_235' title='bbox 246 3184 276 3222; x_wconf 91' lang='lat' dir='ltr'>er</span> <span class='ocrx_word' id='word_1_236' title='bbox 295 3167 363 3222; x_wconf 88' lang='lat' dir='ltr'>aber</span> <span class='ocrx_word' id='word_1_237' title='bbox 380 3167 426 3222; x_wconf 90' lang='lat' dir='ltr'>die</span> <span class='ocrx_word' id='word_1_238' title='bbox 439 3167 653 3224; x_wconf 89' lang='lat' dir='ltr'>verschiedenen</span> <span class='ocrx_word' id='word_1_239' title='bbox 668 3168 799 3238; x_wconf 82' lang='lat' dir='ltr'>angaben</span> <span class='ocrx_word' id='word_1_240' title='bbox 818 3167 868 3221; x_wconf 90' lang='lat' dir='ltr'>der</span> <span class='ocrx_word' id='word_1_241' title='bbox 880 3167 973 3236; x_wconf 81' lang='lat' dir='ltr'>pilger</span> <span class='ocrx_word' id='word_1_242' title='bbox 992 3167 1060 3222; x_wconf 77' lang='lat' dir='ltr'>iiber</span> <span class='ocrx_word' id='word_1_243' title='bbox 1078 3165 1125 3222; x_wconf 91' lang='lat' dir='ltr'>die</span> <span class='ocrx_word' id='word_1_244' title='bbox 1144 3167 1226 3222; x_wconf 85' lang='lat' dir='ltr'>farbe</span> <span class='ocrx_word' id='word_1_245' title='bbox 1243 3167 1280 3220; x_wconf 87' lang='lat' dir='ltr'>des</span> 
     </span>
     <span class='ocr_line' id='line_1_29' title="bbox 134 3253 1279 3325; baseline -0.001 -17"><span class='ocrx_word' id='word_1_246' title='bbox 134 3255 240 3310; x_wconf 85' lang='lat' dir='ltr'>stainos</span> <span class='ocrx_word' id='word_1_247' title='bbox 267 3254 310 3310; x_wconf 88' lang='lat' dir='ltr'>als</span> <span class='ocrx_word' id='word_1_248' title='bbox 328 3255 429 3310; x_wconf 88' lang='lat' dir='ltr'>beweis</span> <span class='ocrx_word' id='word_1_249' title='bbox 457 3256 503 3309; x_wconf 75' lang='lat' dir='ltr'>fiir</span> <span class='ocrx_word' id='word_1_250' title='bbox 532 3255 612 3310; x_wconf 89' lang='lat' dir='ltr'>einen</span> <span class='ocrx_word' id='word_1_251' title='bbox 631 3254 800 3325; x_wconf 84' lang='lat' dir='ltr'>oftmaligen</span> <span class='ocrx_word' id='word_1_252' title='bbox 817 3254 936 3309; x_wconf 86' lang='lat' dir='ltr'>wechsel</span> <span class='ocrx_word' id='word_1_253' title='bbox 956 3253 1104 3309; x_wconf 88' lang='lat' dir='ltr'>desselben</span> <span class='ocrx_word' id='word_1_254' title='bbox 1123 3255 1279 3314; x_wconf 81' lang='lat' dir='ltr'>betrachtet,</span> 
     </span>
     <span class='ocr_line' id='line_1_30' title="bbox 134 3340 1279 3412; baseline -0.003 -16"><span class='ocrx_word' id='word_1_255' title='bbox 134 3361 164 3398; x_wconf 91' lang='lat' dir='ltr'>so</span> <span class='ocrx_word' id='word_1_256' title='bbox 183 3342 234 3397; x_wconf 84' lang='lat' dir='ltr'>hat</span> <span class='ocrx_word' id='word_1_257' title='bbox 261 3359 291 3396; x_wconf 91' lang='lat' dir='ltr'>er</span> <span class='ocrx_word' id='word_1_258' title='bbox 315 3342 407 3397; x_wconf 89' lang='lat' dir='ltr'>hiebei</span> <span class='ocrx_word' id='word_1_259' title='bbox 425 3341 552 3398; x_wconf 85' lang='lat' dir='ltr'>offenbar</span> <span class='ocrx_word' id='word_1_260' title='bbox 570 3343 740 3408; x_wconf 76' lang='lat' dir='ltr'>tibersehen‚</span> <span class='ocrx_word' id='word_1_261' title='bbox 768 3343 832 3397; x_wconf 85' lang='lat' dir='ltr'>dass</span> <span class='ocrx_word' id='word_1_262' title='bbox 850 3342 924 3398; x_wconf 89' lang='lat' dir='ltr'>wohl</span> <span class='ocrx_word' id='word_1_263' title='bbox 944 3341 1023 3397; x_wconf 89' lang='lat' dir='ltr'>nicht</span> <span class='ocrx_word' id='word_1_264' title='bbox 1050 3341 1109 3397; x_wconf 89' lang='lat' dir='ltr'>alle</span> <span class='ocrx_word' id='word_1_265' title='bbox 1127 3343 1222 3412; x_wconf 82' lang='lat' dir='ltr'>pilger</span> <span class='ocrx_word' id='word_1_266' title='bbox 1240 3340 1279 3396; x_wconf 89' lang='lat' dir='ltr'>nit</span> 
     </span>
     <span class='ocr_line' id='line_1_31' title="bbox 134 3427 1279 3493; baseline -0.002 -9"><span class='ocrx_word' id='word_1_267' title='bbox 134 3431 183 3485; x_wconf 87' lang='lat' dir='ltr'>der</span> <span class='ocrx_word' id='word_1_268' title='bbox 201 3429 362 3484; x_wconf 80' lang='lat' dir='ltr'>n‘amliohen</span> <span class='ocrx_word' id='word_1_269' title='bbox 382 3430 489 3485; x_wconf 75' lang='lat' dir='ltr'>scharfe</span> <span class='ocrx_word' id='word_1_270' title='bbox 502 3431 670 3486; x_wconf 85' lang='lat' dir='ltr'>beobachtet</span> <span class='ocrx_word' id='word_1_271' title='bbox 688 3430 782 3485; x_wconf 89' lang='lat' dir='ltr'>haben</span> <span class='ocrx_word' id='word_1_272' title='bbox 796 3430 903 3493; x_wconf 84' lang='lat' dir='ltr'>wiser,</span> <span class='ocrx_word' id='word_1_273' title='bbox 922 3427 1150 3484; x_wconf 84' lang='lat' dir='ltr'>undausserdem</span> <span class='ocrx_word' id='word_1_274' title='bbox 1170 3430 1236 3484; x_wconf 84' lang='lat' dir='ltr'>dass</span> <span class='ocrx_word' id='word_1_275' title='bbox 1251 3429 1279 3482; x_wconf 91' lang='lat' dir='ltr'>in</span> 
     </span>
     <span class='ocr_line' id='line_1_32' title="bbox 134 3515 1280 3587; baseline -0.003 -17"><span class='ocrx_word' id='word_1_276' title='bbox 134 3517 309 3573; x_wconf 85' lang='lat' dir='ltr'>halbdunkel</span> <span class='ocrx_word' id='word_1_277' title='bbox 336 3517 384 3572; x_wconf 90' lang='lat' dir='ltr'>der</span> <span class='ocrx_word' id='word_1_278' title='bbox 410 3516 609 3587; x_wconf 81' lang='lat' dir='ltr'>grabeskirohe</span> <span class='ocrx_word' id='word_1_279' title='bbox 636 3517 681 3572; x_wconf 88' lang='lat' dir='ltr'>die</span> <span class='ocrx_word' id='word_1_280' title='bbox 699 3517 780 3571; x_wconf 84' lang='lat' dir='ltr'>fcrbe</span> <span class='ocrx_word' id='word_1_281' title='bbox 808 3516 883 3571; x_wconf 91' lang='lat' dir='ltr'>eines</span> <span class='ocrx_word' id='word_1_282' title='bbox 902 3515 1132 3572; x_wconf 89' lang='lat' dir='ltr'>marmorsteines</span> <span class='ocrx_word' id='word_1_283' title='bbox 1157 3516 1238 3571; x_wconf 89' lang='lat' dir='ltr'>nioht</span> <span class='ocrx_word' id='word_1_284' title='bbox 1258 3531 1280 3568; x_wconf 89' lang='lat' dir='ltr'>so</span> 
     </span>
    </p>
   </div>
   <div class='ocr_carea' id='block_1_4' title="bbox 44 3603 1279 3673">
    <p class='ocr_par' dir='ltr' id='par_1_5' title="bbox 44 3603 1279 3673">
     <span class='ocr_line' id='line_1_33' title="bbox 44 3603 1279 3673; baseline -0.006 -13"><span class='ocrx_word' id='word_1_285' title='bbox 44 3637 46 3640; x_wconf 94' lang='lat'>·</span> <span class='ocrx_word' id='word_1_286' title='bbox 135 3605 222 3660; x_wconf 89' lang='lat' dir='ltr'>leicht</span> <span class='ocrx_word' id='word_1_287' title='bbox 240 3623 274 3658; x_wconf 85' lang='lat' dir='ltr'>zu</span> <span class='ocrx_word' id='word_1_288' title='bbox 294 3605 435 3660; x_wconf 84' lang='lat' dir='ltr'>erkennen</span> <span class='ocrx_word' id='word_1_289' title='bbox 452 3604 498 3670; x_wconf 89' lang='lat' dir='ltr'>ist,</span> <span class='ocrx_word' id='word_1_290' title='bbox 517 3622 574 3658; x_wconf 87' lang='lat' dir='ltr'>was</span> <span class='ocrx_word' id='word_1_291' title='bbox 592 3605 677 3659; x_wconf 90' lang='lat' dir='ltr'>schon</span> <span class='ocrx_word' id='word_1_292' title='bbox 695 3604 799 3659; x_wconf 79' lang='lat' dir='ltr'>darana</span> <span class='ocrx_word' id='word_1_293' title='bbox 819 3604 1005 3673; x_wconf 82' lang='lat' dir='ltr'>hervorgeht,</span> <span class='ocrx_word' id='word_1_294' title='bbox 1025 3603 1091 3657; x_wconf 87' lang='lat' dir='ltr'>dass</span> <span class='ocrx_word' id='word_1_295' title='bbox 1110 3604 1187 3658; x_wconf 86' lang='lat' dir='ltr'>nach</span> <span class='ocrx_word' id='word_1_296' title='bbox 1205 3603 1279 3658; x_wconf 86' lang='lat' dir='ltr'>seiner</span> 
     </span>
    </p>
   </div>
   <div class='ocr_carea' id='block_1_5' title="bbox 133 3690 1279 4464">
    <p class='ocr_par' dir='ltr' id='par_1_6' title="bbox 133 3690 1279 4464">
     <span class='ocr_line' id='line_1_34' title="bbox 133 3690 1278 3762; baseline -0.004 -15"><span class='ocrx_word' id='word_1_297' title='bbox 133 3692 251 3762; x_wconf 86' lang='lat' dir='ltr'>eigenen</span> <span class='ocrx_word' id='word_1_298' title='bbox 261 3692 372 3762; x_wconf 83' lang='lat' dir='ltr'>angabe</span> <span class='ocrx_word' id='word_1_299' title='bbox 381 3692 537 3762; x_wconf 84' lang='lat' dir='ltr'>derjetaige</span> <span class='ocrx_word' id='word_1_300' title='bbox 543 3692 651 3762; x_wconf 84' lang='lat' dir='ltr'>gleiche</span> <span class='ocrx_word' id='word_1_301' title='bbox 661 3692 733 3747; x_wconf 90' lang='lat' dir='ltr'>stein</span> <span class='ocrx_word' id='word_1_302' title='bbox 741 3709 795 3748; x_wconf 88' lang='lat' dir='ltr'>von</span> <span class='ocrx_word' id='word_1_303' title='bbox 804 3691 868 3746; x_wconf 90' lang='lat' dir='ltr'>dem</span> <span class='ocrx_word' id='word_1_304' title='bbox 877 3691 959 3746; x_wconf 89' lang='lat' dir='ltr'>einen</span> <span class='ocrx_word' id='word_1_305' title='bbox 968 3691 1015 3746; x_wconf 76' lang='lat' dir='ltr'>fiir</span> <span class='ocrx_word' id='word_1_306' title='bbox 1024 3690 1101 3760; x_wconf 81' lang='lat' dir='ltr'>gelb,</span> <span class='ocrx_word' id='word_1_307' title='bbox 1110 3690 1177 3746; x_wconf 91' lang='lat' dir='ltr'>dem</span> <span class='ocrx_word' id='word_1_308' title='bbox 1188 3692 1278 3746; x_wconf 85' lang='lat' dir='ltr'>andern</span> 
     </span>
     <span class='ocr_line' id='line_1_35' title="bbox 134 3777 1279 3850; baseline -0.006 -15"><span class='ocrx_word' id='word_1_309' title='bbox 134 3784 179 3835; x_wconf 77' lang='lat' dir='ltr'>fiir</span> <span class='ocrx_word' id='word_1_310' title='bbox 190 3781 299 3836; x_wconf 90' lang='lat' dir='ltr'>rotund</span> <span class='ocrx_word' id='word_1_311' title='bbox 306 3778 454 3850; x_wconf 82' lang='lat' dir='ltr'>gelbweiss</span> <span class='ocrx_word' id='word_1_312' title='bbox 463 3779 522 3834; x_wconf 92' lang='lat' dir='ltr'>und</span> <span class='ocrx_word' id='word_1_313' title='bbox 531 3779 622 3835; x_wconf 90' lang='lat' dir='ltr'>einem</span> <span class='ocrx_word' id='word_1_314' title='bbox 630 3779 738 3834; x_wconf 87' lang='lat' dir='ltr'>dritten</span> <span class='ocrx_word' id='word_1_315' title='bbox 747 3779 794 3832; x_wconf 79' lang='lat' dir='ltr'>fiir</span> <span class='ocrx_word' id='word_1_316' title='bbox 803 3780 848 3834; x_wconf 86' lang='lat' dir='ltr'>rot</span> <span class='ocrx_word' id='word_1_317' title='bbox 858 3777 994 3848; x_wconf 82' lang='lat' dir='ltr'>gehalten</span> <span class='ocrx_word' id='word_1_318' title='bbox 1003 3777 1084 3831; x_wconf 84' lang='lat' dir='ltr'>wird.</span> <span class='ocrx_word' id='word_1_319' title='bbox 1105 3779 1188 3833; x_wconf 86' lang='lat' dir='ltr'>Auoh</span> <span class='ocrx_word' id='word_1_320' title='bbox 1198 3779 1279 3832; x_wconf 84' lang='lat' dir='ltr'>Rieter</span> 
     </span>
     <span class='ocr_line' id='line_1_36' title="bbox 135 3864 1277 3937; baseline -0.005 -15"><span class='ocrx_word' id='word_1_321' title='bbox 135 3876 167 3934; x_wconf 77' lang='lat' dir='ltr'>(s.</span> <span class='ocrx_word' id='word_1_322' title='bbox 187 3869 232 3936; x_wconf 79' lang='lat'>21)</span> <span class='ocrx_word' id='word_1_323' title='bbox 252 3866 359 3937; x_wconf 90' lang='lat' dir='ltr'>spricht</span> <span class='ocrx_word' id='word_1_324' title='bbox 377 3884 433 3923; x_wconf 87' lang='lat' dir='ltr'>von</span> <span class='ocrx_word' id='word_1_325' title='bbox 451 3867 542 3922; x_wconf 89' lang='lat' dir='ltr'>einem</span> <span class='ocrx_word' id='word_1_326' title='bbox 563 3867 679 3922; x_wconf 78' lang='lat' dir='ltr'>»weisen</span> <span class='ocrx_word' id='word_1_327' title='bbox 698 3864 858 3936; x_wconf 83' lang='lat' dir='ltr'>grabstein‚</span> <span class='ocrx_word' id='word_1_328' title='bbox 886 3866 917 3920; x_wconf 91' lang='lat' dir='ltr'>in</span> <span class='ocrx_word' id='word_1_329' title='bbox 938 3866 1061 3921; x_wconf 81' lang='lat' dir='ltr'>schwara</span> <span class='ocrx_word' id='word_1_330' title='bbox 1082 3867 1175 3923; x_wconf 87' lang='lat' dir='ltr'>steine</span> <span class='ocrx_word' id='word_1_331' title='bbox 1193 3867 1277 3922; x_wconf 87' lang='lat' dir='ltr'>leisten</span> 
     </span>
     <span class='ocr_line' id='line_1_37' title="bbox 135 3954 1277 4025; baseline -0.005 -13"><span class='ocrx_word' id='word_1_332' title='bbox 135 3958 254 4025; x_wconf 78' lang='lat' dir='ltr'>gesaeh«,</span> <span class='ocrx_word' id='word_1_333' title='bbox 268 3957 389 4013; x_wconf 92' lang='lat' dir='ltr'>obsohon</span> <span class='ocrx_word' id='word_1_334' title='bbox 402 3957 451 4011; x_wconf 92' lang='lat' dir='ltr'>der</span> <span class='ocrx_word' id='word_1_335' title='bbox 463 3955 535 4010; x_wconf 86' lang='lat' dir='ltr'>stein</span> <span class='ocrx_word' id='word_1_336' title='bbox 548 3973 596 4011; x_wconf 86' lang='lat' dir='ltr'>vor</span> <span class='ocrx_word' id='word_1_337' title='bbox 608 3955 667 4010; x_wconf 91' lang='lat' dir='ltr'>ihm</span> <span class='ocrx_word' id='word_1_338' title='bbox 681 3957 739 4010; x_wconf 91' lang='lat' dir='ltr'>und</span> <span class='ocrx_word' id='word_1_339' title='bbox 752 3954 939 4010; x_wconf 89' lang='lat' dir='ltr'>unmittelbar</span> <span class='ocrx_word' id='word_1_340' title='bbox 952 3954 1025 4008; x_wconf 84' lang='lat' dir='ltr'>nach</span> <span class='ocrx_word' id='word_1_341' title='bbox 1037 3954 1098 4008; x_wconf 88' lang='lat' dir='ltr'>ihm</span> <span class='ocrx_word' id='word_1_342' title='bbox 1112 3955 1156 4009; x_wconf 86' lang='lat' dir='ltr'>als</span> <span class='ocrx_word' id='word_1_343' title='bbox 1168 3955 1277 4010; x_wconf 80' lang='lat' dir='ltr'>schwarz</span> 
     </span>
     <span class='ocr_line' id='line_1_38' title="bbox 135 4041 1275 4113; baseline -0.006 -15"><span class='ocrx_word' id='word_1_344' title='bbox 135 4044 296 4099; x_wconf 85' lang='lat' dir='ltr'>bezeichnet</span> <span class='ocrx_word' id='word_1_345' title='bbox 313 4044 390 4108; x_wconf 79' lang='lat' dir='ltr'>wind,</span> <span class='ocrx_word' id='word_1_346' title='bbox 413 4043 472 4097; x_wconf 86' lang='lat' dir='ltr'>also</span> <span class='ocrx_word' id='word_1_347' title='bbox 490 4044 564 4099; x_wconf 89' lang='lat' dir='ltr'>wohl</span> <span class='ocrx_word' id='word_1_348' title='bbox 583 4043 708 4098; x_wconf 90' lang='lat' dir='ltr'>derselbe</span> <span class='ocrx_word' id='word_1_349' title='bbox 726 4043 874 4113; x_wconf 84' lang='lat' dir='ltr'>gehlieben</span> <span class='ocrx_word' id='word_1_350' title='bbox 899 4042 945 4097; x_wconf 89' lang='lat' dir='ltr'>ist.</span> <span class='ocrx_word' id='word_1_351' title='bbox 984 4041 1227 4098; x_wconf 86' lang='lat' dir='ltr'>Bemerkenswert</span> <span class='ocrx_word' id='word_1_352' title='bbox 1241 4041 1275 4099; x_wconf 83' lang='lat' dir='ltr'>ist,</span> 
     </span>
     <span class='ocr_line' id='line_1_39' title="bbox 134 4129 1275 4201; baseline -0.004 -15"><span class='ocrx_word' id='word_1_353' title='bbox 134 4152 191 4186; x_wconf 85' lang='lat' dir='ltr'>was</span> <span class='ocrx_word' id='word_1_354' title='bbox 210 4132 337 4187; x_wconf 81' lang='lat' dir='ltr'>Ghistele</span> <span class='ocrx_word' id='word_1_355' title='bbox 356 4149 411 4187; x_wconf 91' lang='lat' dir='ltr'>von</span> <span class='ocrx_word' id='word_1_356' title='bbox 429 4132 489 4186; x_wconf 90' lang='lat' dir='ltr'>ihm</span> <span class='ocrx_word' id='word_1_357' title='bbox 508 4134 588 4201; x_wconf 84' lang='lat' dir='ltr'>eagt:</span> <span class='ocrx_word' id='word_1_358' title='bbox 618 4131 688 4187; x_wconf 82' lang='lat' dir='ltr'>»Ter</span> <span class='ocrx_word' id='word_1_359' title='bbox 709 4131 828 4185; x_wconf 87' lang='lat' dir='ltr'>welcher</span> <span class='ocrx_word' id='word_1_360' title='bbox 849 4131 967 4200; x_wconf 88' lang='lat' dir='ltr'>plecken</span> <span class='ocrx_word' id='word_1_361' title='bbox 985 4129 1038 4184; x_wconf 89' lang='lat' dir='ltr'>leit</span> <span class='ocrx_word' id='word_1_362' title='bbox 1056 4146 1145 4185; x_wconf 88' lang='lat' dir='ltr'>eenen</span> <span class='ocrx_word' id='word_1_363' title='bbox 1168 4130 1275 4199; x_wconf 83' lang='lat' dir='ltr'>langhen</span> 
     </span>
     <span class='ocr_line' id='line_1_40' title="bbox 133 4214 1275 4289; baseline -0.005 -15"><span class='ocrx_word' id='word_1_364' title='bbox 133 4223 255 4275; x_wconf 76' lang='lat' dir='ltr'>swarten</span> <span class='ocrx_word' id='word_1_365' title='bbox 274 4223 352 4274; x_wconf 87' lang='lat' dir='ltr'>steen</span> <span class='ocrx_word' id='word_1_366' title='bbox 370 4220 398 4274; x_wconf 88' lang='lat' dir='ltr'>al</span> <span class='ocrx_word' id='word_1_367' title='bbox 426 4220 456 4274; x_wconf 92' lang='lat' dir='ltr'>in</span> <span class='ocrx_word' id='word_1_368' title='bbox 474 4221 593 4276; x_wconf 83' lang='lat' dir='ltr'>kleenen</span> <span class='ocrx_word' id='word_1_369' title='bbox 612 4220 727 4274; x_wconf 82' lang='lat' dir='ltr'>stachen</span> <span class='ocrx_word' id='word_1_370' title='bbox 746 4218 919 4289; x_wconf 79' lang='lat' dir='ltr'>gebrechen,</span> <span class='ocrx_word' id='word_1_371' title='bbox 948 4219 1015 4272; x_wconf 87' lang='lat' dir='ltr'>mits</span> <span class='ocrx_word' id='word_1_372' title='bbox 1034 4218 1090 4273; x_wconf 90' lang='lat' dir='ltr'>den</span> <span class='ocrx_word' id='word_1_373' title='bbox 1109 4221 1227 4288; x_wconf 83' lang='lat' dir='ltr'>grooten</span> <span class='ocrx_word' id='word_1_374' title='bbox 1241 4214 1275 4268; x_wconf 88' lang='lat' dir='ltr'>de·</span> 
     </span>
     <span class='ocr_line' id='line_1_41' title="bbox 134 4300 1273 4376; baseline -0.004 -17"><span class='ocrx_word' id='word_1_375' title='bbox 134 4308 270 4362; x_wconf 81' lang='lat' dir='ltr'>structien</span> <span class='ocrx_word' id='word_1_376' title='bbox 301 4307 345 4361; x_wconf 91' lang='lat' dir='ltr'>die</span> <span class='ocrx_word' id='word_1_377' title='bbox 369 4307 436 4362; x_wconf 77' lang='lat' dir='ltr'>daei·</span> <span class='ocrx_word' id='word_1_378' title='bbox 454 4309 609 4365; x_wconf 85' lang='lat' dir='ltr'>voormaels</span> <span class='ocrx_word' id='word_1_379' title='bbox 628 4307 765 4376; x_wconf 89' lang='lat' dir='ltr'>ghebeurt</span> <span class='ocrx_word' id='word_1_380' title='bbox 783 4307 852 4376; x_wconf 84' lang='lat' dir='ltr'>sijn;</span> <span class='ocrx_word' id='word_1_381' title='bbox 881 4322 959 4360; x_wconf 90' lang='lat' dir='ltr'>maer</span> <span class='ocrx_word' id='word_1_382' title='bbox 985 4305 1033 4359; x_wconf 89' lang='lat' dir='ltr'>die</span> <span class='ocrx_word' id='word_1_383' title='bbox 1050 4306 1168 4360; x_wconf 81' lang='lat' dir='ltr'>stachen</span> <span class='ocrx_word' id='word_1_384' title='bbox 1188 4306 1237 4376; x_wconf 84' lang='lat' dir='ltr'>sijn</span> <span class='ocrx_word' id='word_1_385' title='bbox 1251 4300 1273 4355; x_wconf 83' lang='lat' dir='ltr'>al</span> 
     </span>
     <span class='ocr_line' id='line_1_42' title="bbox 133 4393 1097 4464; baseline -0.001 -14"><span class='ocrx_word' id='word_1_386' title='bbox 133 4411 188 4450; x_wconf 89' lang='lat' dir='ltr'>aen</span> <span class='ocrx_word' id='word_1_387' title='bbox 207 4411 257 4450; x_wconf 88' lang='lat' dir='ltr'>een</span> <span class='ocrx_word' id='word_1_388' title='bbox 276 4398 423 4459; x_wconf 85' lang='lat' dir='ltr'>versaemt,</span> <span class='ocrx_word' id='word_1_389' title='bbox 443 4399 476 4449; x_wconf 77' lang='lat' dir='ltr'>en</span> <span class='ocrx_word' id='word_1_390' title='bbox 493 4412 523 4450; x_wconf 89' lang='lat' dir='ltr'>so</span> <span class='ocrx_word' id='word_1_391' title='bbox 543 4396 640 4464; x_wconf 81' lang='lat' dir='ltr'>geleyt</span> <span class='ocrx_word' id='word_1_392' title='bbox 659 4411 692 4449; x_wconf 88' lang='lat' dir='ltr'>en</span> <span class='ocrx_word' id='word_1_393' title='bbox 712 4396 849 4464; x_wconf 79' lang='lat' dir='ltr'>gemectst</span> <span class='ocrx_word' id='word_1_394' title='bbox 867 4393 912 4448; x_wconf 91' lang='lat' dir='ltr'>int</span> <span class='ocrx_word' id='word_1_395' title='bbox 931 4395 1097 4464; x_wconf 87' lang='lat' dir='ltr'>poument‹.</span> 
     </span>
    </p>
   </div>
   <div class='ocr_carea' id='block_1_6' title="bbox 0 0 1426 5070">
    <p class='ocr_par' dir='ltr' id='par_1_7' title="bbox 0 0 1426 5070">
     <span class='ocr_line' id='line_1_43' title="bbox 0 0 1426 5070; baseline 0 0"><span class='ocrx_word' id='word_1_396' title='bbox 0 0 1426 5070; x_wconf 95' lang='lat' dir='ltr'> </span> 
     </span>
    </p>
   </div>
  </div>
 </body>
</html>
