2842 5070
616 326 619 331 ’
676 331 740 396 274

132 526 227 567 unam
252 504 420 587 planitiem
443 505 476 568 in
499 508 585 585 orto,
610 511 653 588 [p.
679 504 758 592 231]
792 510 823 568 et
846 506 893 568 ibi
915 506 1128 571 ostenduntur
1153 509 1213 574 duo
1234 511 1271 573 di-

131 610 249 672 stincta
271 609 349 688 loca,
372 612 477 673 tamen
498 611 560 675 sibi
587 611 664 694 ipsis
691 632 841 689 connexa,
866 609 920 676 sol.
945 610 1042 691 locus,
1066 614 1122 677 nbi
1139 614 1274 679 Christus

132 716 322 796 prostratus,
346 714 466 797 ligatus
490 721 522 778 et
545 719 666 798 captus,
690 722 722 780 et
745 716 790 779 ibi
814 719 862 779 est
885 716 1027 780 remissio
1049 720 1196 800 plenaria
1218 743 1274 783 om-

133 819 221 882 nium
245 824 466 901 peccatorum,
498 824 530 882 et
552 819 660 898 loeus,
684 821 738 884 ubi
761 819 904 883 auricula
925 839 1016 884 servo
1038 823 1203 903 pontificis
1224 822 1275 886 fuit

136 924 302 1002 restituta,
336 931 367 988 et
397 925 443 988 ibi
466 929 542 989 sunt
563 924 763 1008 indulgentie
784 931 908 1007 septem
930 945 1086 988 annorum
1111 932 1143 990 ct
1166 934 1274 1010 septen

134 1050 329 1109 caronarum,
353 1033 385 1093 et
400 1029 532 1093 fuerunt
547 1029 639 1094 ambo
661 1031 740 1095 olim
763 1031 796 1092 in
820 1051 884 1092 una
899 1030 1031 1093 ecclesia
1046 1032 1273 1114 comprehensa

131 1134 185 1198 sed
208 1134 300 1197 modo
323 1133 413 1196 nulla
436 1133 565 1197 eeclesia
582 1132 602 1198 ¹.

220 1238 267 1302 De
289 1239 381 1302 domo
403 1237 498 1301 Anne
521 1242 552 1301 et
575 1260 636 1322 que
661 1238 748 1302 facta
771 1242 846 1301 sunt
872 1238 905 1302 in
929 1239 980 1302 via
1011 1245 1042 1304 et
1068 1239 1198 1305 ibidem.

221 1338 270 1406 Ae'
282 1363 480 1423 cummagno
491 1342 599 1407 furore
609 1343 767 1407 duxerunt
778 1390 787 1408 .
800 1393 807 1406 .
821 1392 828 1406 .
843 1341 971 1408 lhesum
984 1391 991 1405 .
1004 1394 1011 1408 .
1024 1395 1031 1409 .
1044 1367 1104 1428 per
1116 1351 1182 1410 tam
1195 1367 1269 1430 aspe-

132 1471 199 1512 ram
217 1451 248 1511 et
259 1452 420 1531 petrosam
429 1448 522 1525 viam,
538 1447 620 1511 sicut
630 1447 724 1512 hodie
739 1451 883 1531 apparet,
899 1447 1100 1532 fugientibus
1113 1451 1156 1512 ab
1172 1472 1270 1514 eoom·

133 1554 226 1618 nibus
242 1553 416 1636 discipulis,
441 1574 576 1636 quorum
592 1557 675 1632 octo,
699 1553 739 1616 ad
755 1553 878 1616 diversa
889 1553 967 1632 loca,
991 1554 1046 1617 ubi
1068 1556 1269 1639 unusquisque

133 1659 281 1742 sperabat
304 1678 337 1720 se
359 1679 451 1740 posse
474 1662 580 1722 tutum
606 1680 689 1730 esse:
713 1658 766 1722 sed
781 1661 888 1722 tamen
910 1680 969 1742 pro
985 1663 1075 1723 certo
1090 1659 1269 1743 practicatur

134 1766 167 1826 in
183 1763 379 1828 Iberusalem
403 1767 435 1827 et
449 1763 601 1827 visitatur
616 1763 767 1846 spelunca
790 1764 823 1826 in
845 1763 947 1827 medio
963 1765 1093 1842 montis,
1116 1785 1180 1828 non
1201 1763 1267 1828 mal·

133 1873 200 1932 tum
216 1869 312 1952 longe
328 1868 369 1931 ab
384 1889 462 1951 agro
479 1868 722 1948 Acheldemach,
738 1870 772 1932 in
790 1891 853 1953 qua
868 1868 1022 1952 fugerunt
1038 1872 1112 1934 octo
1129 1867 1267 1952 discipuli,

134 1980 166 2037 et
188 1977 263 2037 sunt
285 1974 329 2037 ibi
346 1974 545 2057 indulgentie
560 1979 680 2057 septem
697 1995 852 2037 annornm
875 1980 908 2037 ct
923 1979 1044 2057 septem
1062 1996 1236 2038 carenamn
1249 1970 1264 2032 ².

219 2078 319 2143 Judas
342 2078 468 2158 videns,
499 2078 583 2164 quod
614 2078 722 2144 lhesus
746 2079 913 2143 damnatus
937 2083 1017 2142 esset
1040 2129 1048 2144 .
1074 2128 1082 2143 .
1108 2129 1115 2142 .
1141 2079 1185 2162 [p.
1206 2075 1263 2162 232]

133 2186 246 2269 laqueo
269 2206 301 2247 se
319 2184 492 2266 suspendit.
528 2184 571 2248 Et
586 2185 789 2267 presumitur,
813 2185 895 2269 quod
912 2185 972 2248 ivit
987 2185 1027 2248 ad
1043 2185 1169 2249 domum
1186 2205 1262 2259 suan,

135 2291 210 2375 quia
232 2293 301 2353 erat
324 2311 423 2372 prope
445 2289 479 2352 in
503 2289 603 2353 latere
625 2289 743 2355 montis
766 2289 885 2354 Oliveti
907 2289 946 2353 ad
962 2291 1136 2355 australem
1152 2293 1263 2373 partem,

134 2396 188 2459 ubi
211 2393 305 2459 hodie
328 2396 461 2477 apparet
483 2393 652 2476 vestigium
682 2415 737 2458 sue
760 2393 976 2459 habitationis.
1024 2395 1067 2459 Et
1089 2395 1171 2459 hanc
1192 2392 1260 2456 habi-

134 2500 289 2563 tationem
305 2499 382 2564 feeit
397 2498 570 2581 depingere
585 2503 695 2562 sancta
711 2497 834 2562 Helena
857 2499 888 2561 in
907 2499 1093 2563 memoriam
1109 2500 1192 2580 illius
1205 2518 1260 2581 pre

135 2605 256 2669 ditoris
301 2603 344 2667 Et
365 2603 456 2666 iuxta
478 2602 571 2666 illum
594 2602 698 2668 locum
715 2603 898 2667 ostenditur
920 2603 1017 2682 loeus,
1042 2605 1098 2668 ubi
1122 2605 1207 2668 stetit
1223 2623 1259 2664 ar·

133 2712 201 2790 bor,
225 2711 345 2793 inqua
367 2730 400 2773 se
422 2707 590 2790 suspendit
601 2705 624 2772 ³.

221 2815 315 2881 Judei
338 2813 496 2878 intrantes
519 2814 639 2877 curiam
658 2815 750 2878 Anne
772 2812 910 2898 ligantes
926 2812 1058 2878 Ihesum
1080 2813 1120 2877 ad
1139 2812 1256 2896 stipiten

133 2923 295 2987 cuiusdam
318 2921 401 2984 olive
424 2971 432 2985 .
459 2969 467 2984 .
491 2970 498 2983 .
534 2919 576 2982 Et
599 2919 657 2982 hee
679 2920 773 2983 arbor
794 2918 888 2983 hodie
902 2924 1038 3002 apparet
1060 2920 1094 2982 in
1111 2918 1193 2984 curie
1212 2936 1258 2979 me

134 3030 195 3105 dio,
218 3029 254 3090 in
277 3026 377 3090 latere
393 3024 522 3091 ecclesie
537 3024 560 3103 ⁴,
584 3045 646 3107 que
669 3024 714 3087 ibi
736 3023 893 3087 fabricata
913 3026 988 3102 stat,
1013 3046 1109 3108 quam
1126 3019 1260 3106 possident

134 3133 229 3198 Greci
253 3138 285 3196 et
307 3131 433 3197 Suriani
458 3180 466 3195 .
493 3182 498 3193 .
525 3180 532 3194 .
579 3130 620 3193 Et
651 3129 689 3192 de
712 3130 774 3192 ista
794 3129 880 3193 oliva
899 3129 1039 3192 multum
1062 3127 1208 3211 occupavi
1227 3143 1260 3186 ne

135 3238 362 3322 interrogando
385 3237 471 3318 ipsos
487 3233 695 3312 Christianos,
719 3232 774 3318 qui
797 3234 915 3297 ibidem
936 3234 970 3296 in
993 3233 1082 3298 curia
1104 3233 1137 3297 in
1153 3233 1260 3296 domun·

134 3343 214 3408 culis
229 3342 372 3420 latitant,
395 3343 502 3404 utrum
522 3343 605 3404 esset
619 3339 701 3402 idem
719 3339 824 3416 arbor,
847 3339 880 3400 in
897 3360 960 3422 qua
975 3336 1124 3403 Christus
1146 3338 1189 3423 [p.
1205 3331 1261 3412 233]
1297 3401 1299 3406 ,

135 3448 248 3512 fuisset
263 3447 392 3530 ligatus,
416 3445 467 3509 vel
482 3444 546 3508 alia
560 3444 768 3528 supplantata
791 3492 799 3506 .
824 3492 831 3506 .
858 3494 865 3510 .
889 3443 944 3526 qui
961 3443 1112 3507 dixerunt
1126 3442 1203 3506 mihi
1222 3435 1262 3501 sub

134 3553 230 3617 certis
253 3552 357 3639 verbis
382 3600 388 3614 .
413 3601 421 3615 .
445 3600 464 3629 .‚
489 3551 572 3635 quod
601 3555 724 3615 certum
756 3553 853 3629 esset,
890 3549 973 3632 quod
996 3546 1146 3612 Christus
1176 3544 1263 3610 fuisset

135 3659 254 3742 ligatus
277 3657 315 3720 ad
339 3656 427 3720 illam
451 3656 592 3739 stipitem
617 3661 649 3719 et
671 3677 735 3719 non
769 3660 817 3718 est
838 3654 902 3718 alia
924 3653 1151 3736 supplantata;
1184 3654 1213 3715 et
1240 3645 1263 3708 lt

134 3763 194 3828 hoo
208 3763 365 3826 baberent
388 3765 476 3826 certa
498 3761 627 3843 scripta,
652 3760 766 3871 quibus
781 3759 893 3823 docere
914 3759 1056 3840 possent.
1103 3755 1169 3819 Hec
1190 3753 1263 3817 arbor

205 3902 219 3954 l
240 3900 347 3955 Ebenso
366 3897 447 3951 Fabri
467 3898 489 3962 I,
507 3897 559 3952 379
578 3897 603 3953 ff.
677 3898 693 3950 2
711 3897 794 3950 Fabri
815 3897 835 3961 l,
855 3897 905 3950 421
926 3896 1037 3950 ebenso.
1109 3895 1126 3949 3
1145 3891 1195 3945 tin
1212 3890 1263 3942 han

134 3989 182 4044 des
194 3987 282 4043 ludas
302 3988 357 4040 und
377 3987 427 4040 das
441 3986 571 4055 gemtlde
589 3986 638 4040 der
650 3985 757 4040 Helena
773 3985 901 4039 erwabnt
913 3982 998 4036 Fabri
1017 3982 1106 4046 nicht,
1124 3981 1194 4036 wohl
1211 3977 1259 4032 aber

135 4078 189 4132 den
215 4078 315 4142 baum,
342 4096 379 4131 an
407 4079 471 4131 dem
498 4074 587 4128 Judas
614 4075 672 4130 sich
699 4076 822 4143 erhangt
852 4073 945 4126 haben
971 4069 1036 4124 soll.
1073 4069 1157 4122 Fabri
1175 4067 1200 4128 1,
1217 4063 1259 4116 dl.

135 4167 293 4221 4Wanner
312 4165 378 4219 teilt
395 4164 470 4219 diese
487 4164 582 4217 kircha
600 4162 652 4216 den
672 4161 837 4215 Armeniern
855 4177 897 4222 aa,
916 4159 1005 4213 nennt
1024 4158 1063 4212 sie
1083 4175 1134 4210 »zu
1157 4154 1206 4208 den
1222 4145 1262 4202 lb·

135 4256 217 4322 gelm
237 4255 295 4308 und
313 4254 459 4315 beriohtet,
477 4251 542 4306 dass
560 4249 609 4304 der
628 4250 776 4304 bocholtar
794 4266 830 4302 an
849 4249 898 4302 der
916 4246 998 4300 stelle
1017 4245 1104 4307 stehe,
1123 4260 1163 4297 wo
1179 4242 1255 4293 bunut

135 4343 229 4396 seinen
247 4341 429 4396 richterstnhl
448 4341 566 4410 gehabt;
587 4338 679 4392 rechts
699 4336 802 4390 befand
820 4335 880 4389 sich
900 4333 961 4388 eine
982 4331 1077 4386 kleinc
1095 4327 1213 4398 rapallo,
1231 4335 1259 4372 ⁰⁷⁰

136 4430 262 4484 Christus
281 4448 334 4486 von
353 4428 484 4483 Malchus
502 4427 672 4497 geschlagen
689 4425 792 4480 warde.
820 4421 921 4478 ZDPV.
940 4422 961 4486 Ι,
981 4422 1044 4478 178.
