2842 5070
683 343 744 407 156

138 519 240 596 drata,
264 519 341 582 satis
363 518 429 581 lata
451 519 534 582 sicut
550 519 681 605 iugrum
704 519 799 600 prati,
824 518 946 601 repleta
966 522 1093 583 recente
1115 542 1201 604 aqua
1222 521 1288 584 abs·

138 645 198 706 que
221 626 325 688 tamen
351 625 490 706 piscibus
506 624 526 688 ¹.
573 624 621 688 lbi
645 625 755 688 lavant
791 626 823 688 in
860 627 981 690 duobus
1016 626 1145 710 angulis
1174 629 1288 711 pagani

138 730 292 811 genitalia
314 751 370 793 sua
394 734 425 794 et
445 752 558 793 manus
581 734 613 794 et
628 732 732 814 pedes,
756 734 927 814 postquam
943 735 1166 814 peccaverunt,
1191 735 1223 795 et
1244 732 1287 795 di-

137 838 215 897 cunt
251 855 284 897 se
317 856 382 897 esse
405 836 540 898 mundos
562 858 581 898 a
604 837 741 918 peccatis
767 837 849 900 sicut
880 857 938 900 nos
972 858 1029 918 per
1050 835 1288 901 confessionem.

138 939 179 1003 Et
202 946 313 1021 postea
336 941 457 1004 vadunt
479 942 519 1005 ad
542 941 707 1024 angulum,
731 941 788 1024 qui
813 945 861 1004 est
884 941 921 1004 ad
940 945 1094 1016 austrum,
1118 944 1152 1004 et
1176 941 1221 1004 ibi
1244 941 1288 1004 di·

138 1051 215 1108 eunt
239 1045 410 1110 orationes.
457 1044 498 1107 Et
522 1065 581 1128 ego
597 1045 661 1107 vidi
676 1045 777 1108 oculis
799 1045 879 1108 meis
902 1047 933 1107 et
956 1043 1013 1107 alii
1029 1044 1209 1108 confratres
1231 1045 1288 1106 mei

137 1151 181 1214 sic
203 1173 236 1214 se
260 1151 367 1214 lavare
390 1151 493 1215 virum
517 1149 657 1232 turpiter
686 1170 792 1213 coram
818 1148 964 1212 omnibus
980 1146 1002 1210 ⁹.
1049 1147 1086 1211 ln
1112 1150 1224 1214 eadem
1246 1150 1287 1213 ci-

137 1256 237 1319 vitate
269 1259 317 1318 est
339 1255 493 1338 templum
518 1255 584 1319 sive
607 1275 731 1333 musca,
765 1254 798 1317 in
822 1275 884 1337 qua
916 1258 964 1317 est
987 1252 1104 1337 duplex
1128 1254 1288 1337 spelunca,

137 1383 233 1445 quam
255 1360 332 1424 emit
350 1360 512 1424 Abrabam
536 1360 576 1423 ab
593 1358 735 1442 Ephron,
763 1359 817 1442 qui
836 1358 1002 1431 habitabat
1025 1360 1058 1421 in
1085 1358 1194 1422 medio
1209 1358 1287 1422 filio-

136 1487 208 1528 rum
231 1463 338 1544 Heth,
362 1466 416 1548 qui
441 1466 660 1529 intercesserat
684 1487 743 1548 pro
767 1463 951 1543 Abraham,
984 1468 1021 1527 ut
1045 1463 1179 1546 Ephron
1202 1464 1288 1527 daret

138 1570 198 1633 sibi
216 1572 399 1653 speluncam
419 1571 452 1634 in
468 1592 546 1654 agro
567 1592 622 1634 suo
645 1571 677 1633 in
695 1569 925 1653 possessionem
941 1569 1151 1648 monumenti,
1176 1573 1212 1631 ut
1235 1569 1287 1631 ha-

138 1676 231 1738 betur
255 1675 332 1740 Gen.
357 1677 408 1740 23.
455 1675 522 1740 lsta
544 1698 652 1741 musca
676 1679 724 1740 est
740 1676 831 1740 valde
853 1695 971 1757 magna
994 1679 1026 1738 et
1041 1675 1286 1738 circummurale

137 1780 311 1844 fortissime
335 1802 407 1845 cum
422 1783 521 1844 muris
546 1782 621 1845 altis
645 1781 728 1845 sicut
744 1784 885 1844 castrum
902 1779 925 1858 ³,
948 1785 979 1843 et
1000 1779 1098 1843 habet
1114 1780 1194 1843 duas
1209 1779 1285 1843 altas

134 1884 269 1949 turres4
293 1885 324 1947 in
344 1886 465 1950 duobus
481 1886 619 1970 angulis,
643 1885 681 1949 ad
704 1906 782 1969 quas
799 1886 928 1948 statutis
952 1883 1039 1947 horis
1062 1885 1113 1948 die
1137 1906 1175 1948 ac
1199 1889 1285 1948 nocte

136 1990 310 2054 ascendunt
332 2012 428 2074 super
445 1991 616 2074 pinnacula
632 2013 741 2054 eorum
765 1990 866 2073 aliqui
890 1990 928 2053 ad
953 1988 1011 2052 boc
1027 1988 1187 2069 conducti,
1211 1992 1285 2054 bene

135 2094 312 2169 vociferati,
332 2094 505 2160 clamantes
521 2097 587 2160 alta
602 2117 677 2160 voce
699 2096 732 2159 in
748 2095 868 2177 lingna
886 2116 1013 2159 eorum:
1041 2093 1188 2174 »Venite
1212 2095 1284 2159 bora

137 2206 194 2279 est,
218 2203 250 2263 et
273 2200 400 2263 laudate
432 2200 477 2283 [p.
503 2198 559 2285 73]
586 2199 840 2278 Macbometum,
873 2198 1050 2282 apostolum
1076 2221 1203 2279 verum,
1234 2201 1282 2283 qui

136 2305 237 2368 maior
260 2309 307 2368 est
323 2305 499 2368 omnibus<
547 2302 705 2366 Nonnulli
723 2303 843 2382 dicunt,
868 2303 951 2386 quod
967 2303 1108 2366 clamant
1132 2303 1166 2367 in
1182 2311 1281 2368 nocte:

137 2409 295 2474 »Crescite
321 2414 352 2473 et
367 2408 639 2492 multiplicamini,
664 2412 695 2471 et
719 2407 841 2491 replete
858 2413 1010 2488 terram«,
1034 2407 1208 2472 incitantes
1230 2431 1279 2491 pa·

698 2511 715 2543 a

207 2584 219 2636 l
249 2583 316 2637 Hier
341 2583 379 2637 ist
394 2581 547 2651 jedenfalls
565 2580 615 2635 der
632 2582 731 2634 untere
748 2597 804 2634 ron
831 2579 885 2635 den
906 2578 1005 2634 beiden
1024 2578 1136 2634 teichen
1155 2580 1277 2650 gemeint,

135 2671 179 2724 die
198 2671 311 2727 Hebron
330 2670 440 2724 benitat.
477 2668 608 2722 Derselbe
626 2667 664 2721 ist
683 2667 839 2736 viereekig,
869 2683 905 2721 an
921 2667 1002 2736 jeder
1026 2666 1096 2722 seito
1114 2669 1150 2722 40
1169 2687 1196 2720 m
1217 2668 1277 2736 lang

134 2759 191 2811 und
211 2757 260 2815 ab
282 2776 309 2812 m
339 2757 397 2813 tiet.
434 2756 514 2810 Nach
542 2756 590 2810 der
616 2756 755 2812 tradition
783 2754 839 2810 liell
860 2754 952 2809 David
978 2755 1039 2809 hier
1069 2755 1115 2810 die
1134 2756 1220 2810 leiber
1236 2755 1276 2809 der

135 2846 244 2899 mbrder
262 2846 404 2901 Isbosetbs
422 2845 594 2914 aufhangen.
623 2845 657 2898 ll.
677 2844 746 2914 Reg.
765 2846 790 2907 4,
813 2845 825 2897 1
846 2844 874 2898 ff.
902 2843 986 2897 Baed.
1007 2842 1067 2897 172.
1173 2844 1190 2897 2
1215 2842 1274 2897 ltine

135 2933 264 2988 'ahnliche
283 2932 394 3001 angabe
413 2932 464 2986 hat
483 2931 566 2986 Harff
583 2932 647 2996 180;
674 2949 704 2986 er
721 2935 794 3000 sagt,
814 2932 877 2986 dass
895 2932 934 2985 im
953 2932 1058 3000 tempel
1078 2950 1113 2985 au
1131 2932 1273 2987 Jerusalem

134 3021 195 3075 eine
214 3020 372 3088 viereekige
390 3020 511 3075 nisterne
529 3019 567 3073 sei
589 3019 656 3074 »dae
675 3019 732 3073 sich
751 3019 797 3073 die
810 3019 918 3087 heyden
934 3018 1075 3088 degelichs
1094 3037 1141 3073 uss
1159 3020 1272 3074 weschen

133 3108 186 3161 dat
199 3107 305 3176 seluige
324 3108 370 3174 lyt
384 3107 438 3162 dae
447 3107 501 3161 mit
520 3125 552 3177 sy
571 3107 615 3162 die
628 3107 726 3161 naicbt
744 3106 800 3162 aeff
816 3105 870 3160 den
889 3106 971 3160 daich
985 3107 1156 3177 gesundiget
1167 3108 1272 3163 hanem.

134 3199 178 3250 An
196 3195 273 3250 einer
292 3195 399 3250 andern
426 3196 508 3251 stelle
528 3197 561 3272 99
580 3199 646 3264 sagt
672 3212 701 3250 er
718 3194 846 3249 desselbe
874 3212 947 3263 ganz
975 3193 1130 3262 allgemein
1149 3213 1202 3251 von
1228 3196 1270 3250 den

135 3284 253 3338 meisten
273 3284 427 3339 moscheen.
465 3284 678 3353 »Wascbungen
697 3283 789 3337 haben
814 3301 847 3336 au
867 3282 993 3351 erfclgen
1011 3299 1062 3337 vor
1079 3281 1144 3336 dem
1163 3284 1271 3352 Beginne
1317 3303 1318 3308 ¹

133 3372 278 3441 religioser
297 3371 500 3441 Handlungcn,
528 3389 558 3426 so
577 3389 626 3427 vor
645 3372 708 3426 dem
728 3371 846 3433 (lebete,
872 3369 947 3424 beim
968 3369 1079 3423 Antritt
1098 3369 1177 3425 einer
1194 3371 1269 3425 Wall·

135 3459 221 3521 fabrt‚
241 3458 348 3513 sodann
367 3458 440 3513 nach
459 3458 660 3528 Befriedigung
678 3458 851 3512 natiirlicher
865 3455 1043 3511 Bediirfnisse
1062 3456 1120 3510 und
1130 3457 1268 3527 Begierden

133 3547 190 3600 und
218 3546 293 3601 nach
321 3547 485 3615 Bertibrung
513 3547 641 3600 unreiner
660 3544 857 3615 Gegenstande
886 3544 953 3599 oder
971 3542 1128 3615 Begehnng
1153 3544 1268 3600 unreiner

133 3635 347 3704 Handlungen‹.
384 3634 486 3698 Hauri‚
513 3633 568 3688 Der
587 3634 678 3688 lslam.
715 3632 819 3687 Leiden
840 3633 955 3688 rasas.
975 3632 1017 3686 57.
1126 3632 1143 3687 3
1170 3632 1217 3687 Die
1233 3632 1266 3684 be·

133 3723 245 3775 riihmte
264 3720 352 3790 grolle
364 3723 489 3776 moschee
502 3723 617 3792 (Haram
635 3720 788 3791 el-Chalil).
824 3707 900 3774 llber
915 3718 1037 3774 dissolbe
1049 3719 1125 3774 siehe
1138 3719 1266 3774 besonden

133 3808 292 3863 Eu-authe
311 3808 344 3873 ll,
364 3811 414 3863 217
435 3810 477 3863 bis
495 3811 546 3864 223
564 3827 590 3863 u.
611 3825 685 3862 anm.
706 3809 748 3864 38.
819 3809 837 3862 4
860 3807 938 3862 Diese
956 3806 1057 3862 beiden
1075 3810 1168 3862 tfirme
1184 3807 1264 3861 steben

133 3898 203 3951 noch
223 3898 319 3962 beute3
348 3897 500 3967 cigentlich
525 3897 563 3950 ist
589 3896 634 3950 die
653 3896 757 3964 anlage
780 3914 813 3948 au
832 3895 892 3950 vier
910 3897 1023 3949 tiirmen
1043 3895 1205 3951 verbanden
1221 3890 1263 3946 und

132 3984 226 4038 Guthe
244 3984 360 4052 glaubt,
389 3984 452 4037 dass
479 3984 524 4038 die
543 3985 648 4038 andern
673 3983 741 4038 awei
759 3983 977 4038 verschwunden
1005 3983 1088 4038 scien.
1127 3984 1169 4038 Da
1194 3980 1263 4037 auter

132 4072 265 4126 Waltber
287 4072 353 4127 kein
371 4073 463 4141 pilger
491 4071 564 4126 diese
582 4074 674 4126 turma
693 4070 889 4127 ausdriiclrlich
908 4071 1036 4126 erwahnt
1063 4071 1160 4142 (Fabri
1177 4071 1208 4134 Il,
1225 4065 1263 4124 350

133 4163 199 4228 sagt
217 4178 270 4214 nur
289 4160 454 4228 allgemein:
480 4159 619 4213 ›tiirribus
638 4177 699 4215 earn
719 4159 930 4228 muniverunt«)
949 4177 980 4215 so
995 4160 1036 4215 ist
1055 4160 1154 4217 deenen
1171 4157 1262 4229 angabe

132 4247 261 4316 wichtig‚
286 4247 349 4301 weil
370 4264 419 4301 aus
437 4247 483 4301 ihr
500 4247 684 4317 hervorgeht‚
710 4248 773 4302 dass
792 4249 895 4302 bereits
914 4247 1025 4302 damals
1051 4247 1097 4304 die
1116 4248 1210 4303 beiden
1226 4262 1262 4299 an-

132 4333 200 4387 dern
219 4336 312 4389 tiirme
332 4335 580 4390 »verscbwundem
600 4353 708 4404 waren,
728 4353 808 4391 wenn
835 4337 875 4390 sie
894 4335 1056 4406 uberhaupt
1079 4337 1110 4406 je
1128 4333 1262 4392 bastanden

132 4422 241 4477 hatten
