2842 5070
680 347 744 412 270

222 524 316 588 Sexta
339 524 478 588 conditio
501 527 548 586 est
571 522 823 605 supernaturalis
847 573 854 586 .
879 573 886 586 .
912 573 920 587 .
945 571 972 600 .,
1007 525 1039 585 et
1062 521 1147 587 hano
1171 545 1209 587 ex
1230 523 1281 586 fide

136 630 241 713 dignis
265 632 297 692 et
319 629 461 692 honestis
484 628 661 711 peregrinis
685 628 780 692 didici
804 650 840 692 ao
863 629 896 692 in
920 650 970 692 me
992 629 1026 691 in
1042 629 1183 692 veritate
1207 649 1280 693 oom-

136 735 204 816 peri
228 785 235 799 .
260 785 267 800 .
292 784 299 798 .
345 734 428 798 Nam
453 733 607 817 quidquid
631 733 753 815 patitur
777 734 965 816 peregrinus
993 754 1051 815 per
1074 735 1181 796 totam
1204 754 1281 796 suam

136 840 426 924 peregrinationem
449 841 514 903 sive
538 840 569 902 in
593 841 679 901 terra
703 839 866 903 laboribus
890 844 920 904 et
943 839 1204 923 fatigationibus,
1227 839 1280 901 sire

135 945 166 1006 in
190 965 277 1007 mare
300 943 438 1007 fortunis
460 944 571 1006 multis
595 949 627 1006 et
651 944 830 1026 piratarum
853 944 896 1028 [p.
914 943 992 1026 208]
1017 943 1182 1026 perieulis,
1206 944 1279 1007 calo-

134 1049 223 1112 ribus
247 1051 279 1111 et
295 1048 469 1130 algoribus,
492 1047 577 1112 fama
600 1052 632 1112 et
655 1049 719 1126 siti,
742 1050 940 1113 evomatione
964 1055 996 1113 et
1012 1049 1206 1113 infirmitate
1220 1070 1277 1112 oor-

135 1153 231 1236 poris,
255 1175 315 1236 que
338 1153 444 1217 omnia
460 1155 632 1217 occurrunt
648 1155 818 1238 peregrino
841 1154 874 1217 in
892 1153 1001 1238 galea:
1025 1158 1123 1218 amnt
1137 1154 1201 1218 sibi
1222 1176 1277 1218 on·

134 1261 188 1322 nia
217 1258 299 1321 levia
332 1263 363 1321 et
398 1258 476 1322 bene
508 1264 710 1323 remunerata
740 1260 773 1322 in
797 1260 902 1343 primo
935 1260 1002 1323 iotu
1023 1260 1126 1339 oouli,
1164 1260 1276 1343 quando

135 1364 266 1447 inspioit
281 1367 401 1427 terram
416 1369 559 1428 sanatam
581 1365 666 1428 cirea
679 1362 773 1443 Jaffa,
796 1387 871 1449 ymo
886 1364 1024 1430 libenter
1041 1365 1199 1428 sustinuit
1220 1386 1274 1428 om·

134 1469 196 1533 nia.
243 1468 285 1532 Et
315 1470 440 1533 demum
474 1491 544 1533 oum
569 1469 770 1551 perambulat
793 1471 904 1533 devota
934 1471 1045 1533 saneta
1078 1469 1150 1534 looa
1173 1522 1180 1535 .
1205 1520 1212 1533 .
1234 1520 1240 1534 .
1261 1519 1274 1547 .,

137 1573 261 1636 videtur
277 1574 391 1636 devoto
407 1573 578 1655 peregrino
601 1578 722 1638 atvero
738 1573 904 1653 catholieo,
928 1574 1013 1658 quod
1027 1573 1154 1638 nullum
1173 1575 1273 1638 bonum

135 1683 313 1757 terrenum,
338 1684 617 1762 quantumcunque
640 1677 831 1760 pretiosum,
864 1679 947 1762 quod
972 1682 1080 1760 potest
1103 1699 1172 1742 esse
1194 1697 1274 1760 super

134 1787 262 1862 terram,
285 1783 382 1846 vellet
405 1802 463 1865 pro
487 1782 544 1844 tali
567 1782 748 1846 visitatione
770 1782 896 1846 habere.

135 1902 178 1990 [p.
195 1904 275 1990 215]
300 1904 451 1988 Sequitur
474 1910 563 1969 sexta
585 1927 668 1988 pars,
691 1907 725 1968 in
750 1929 812 1990 qua
834 1907 963 1970 intendo
979 1906 1159 1970 describere
1181 1925 1270 1970 saero-

137 2032 207 2073 rum
224 2009 366 2073 locorum
388 2009 475 2072 intra
498 2011 529 2072 et
545 2014 634 2073 extra
650 2008 841 2073 Iherusalem
859 2031 1045 2092 generosam
1059 2011 1270 2086 visitationem,

165 2112 348 2198 Christique
372 2111 467 2177 lhesu
499 2115 532 2176 in
558 2113 686 2196 eijsdem
709 2113 787 2178 loeis
810 2116 1041 2180 amarissimam
1065 2116 1247 2199 passionem.

220 2236 421 2314 Notandum,
455 2238 537 2320 quod
561 2236 638 2300 lieet
660 2236 762 2301 multa
784 2237 849 2301 sint
871 2237 940 2302 loca
969 2239 1002 2301 in
1025 2237 1222 2303 Iherusalem
1247 2240 1272 2299 et

133 2348 231 2423 extra,
254 2344 288 2406 in
314 2343 429 2426 quibus
452 2341 597 2406 Christus
621 2347 769 2426 operatus
804 2347 850 2406 est
876 2343 1012 2407 salutem
1044 2347 1188 2409 nostram
1216 2389 1272 2416 ...,

132 2452 237 2512 tamen
261 2448 328 2511 sola
350 2447 408 2512 illa
423 2448 618 2512 consoribere
633 2448 751 2527 ouravi,
775 2448 808 2510 in
832 2448 947 2532 quibus
970 2449 1010 2512 ab
1034 2470 1072 2513 eo
1087 2447 1268 2512 notabiliora

133 2575 230 2636 opera
247 2555 278 2616 et
293 2553 436 2616 misteria
452 2552 636 2634 factasunt,
653 2555 685 2616 et
702 2574 763 2637 que
772 2554 936 2636 peregrini
952 2555 1071 2618 nostris
1087 2552 1270 2637 temporibus

133 2658 263 2722 visitare
279 2663 519 2722 consueverunt.
565 2657 607 2721 Et
623 2659 656 2720 in
672 2658 896 2722 conscribendo
912 2659 984 2722 volo
997 2662 1108 2722 tenere
1124 2659 1200 2722 duos
1214 2677 1269 2720 mo·

133 2766 206 2828 dos:
231 2763 338 2829 Primo
360 2785 419 2848 pro
435 2764 601 2829 devotione
622 2762 799 2845 legentium
814 2764 887 2829 volo
911 2768 1019 2828 tenere
1034 2764 1165 2828 modurn
1181 2783 1270 2826 awau-

133 2870 320 2955 gelistarum
344 2871 516 2934 seeundum
538 2874 628 2932 actus
652 2869 807 2951 passionis
830 2867 968 2949 Christi,
994 2868 1132 2933 secundo
1155 2866 1270 2931 intendo

134 2976 273 3040 breviter
295 2977 422 3060 signare
445 2975 515 3039 loca
548 2980 580 3038 et
603 2974 738 3038 formam
762 2974 912 3037 visitandi
942 2974 1071 3058 singula
1093 2995 1184 3037 saara
1204 2973 1270 3045 loos

31 3133 33 3140 .
133 3103 194 3166 que
218 3083 310 3145 modo
333 3078 544 3144 communiter
566 3082 742 3142 servantur.
790 3077 837 3141 Ex
860 3099 923 3163 quo
940 3081 1045 3142 autem
1062 3077 1208 3142 Christus

132 3192 207 3251 ante
231 3185 409 3270 passionem
432 3191 464 3249 et
485 3187 621 3248 mortem
646 3184 837 3247 altissimum
861 3186 1096 3248 sacramentum
1120 3185 1154 3246 iu
1176 3186 1270 3246 monte

131 3291 217 3376 Syon
240 3292 381 3355 instituit
405 3339 474 3368 ...,
497 3296 574 3354 tunc
597 3290 701 3372 primo
717 3290 848 3353 intendo
871 3290 976 3353 locum
992 3290 1144 3354 devotum
1166 3274 1270 3352 montis

131 3396 217 3481 Syon
240 3401 272 3461 et
295 3401 383 3460 aotus
406 3395 486 3459 inibi
509 3399 653 3478 peractos
677 3395 861 3458 describere.

220 3503 266 3584 [p.
290 3498 366 3588 216]
391 3499 508 3580 bouus,
540 3502 596 3564 ubi
619 3500 765 3564 Christus
796 3500 876 3564 lavit
911 3499 1006 3583 pedes
1042 3501 1269 3584 discipulorum,

131 3606 300 3671 manifeste
323 3609 457 3690 apparet
479 3606 512 3669 in
534 3609 643 3669 monte
659 3603 762 3690 Syon3
787 3607 834 3669 est
856 3605 901 3667 ibi
925 3607 1035 3684 altare,
1061 3605 1183 3669 distans
1205 3625 1269 3688 qua·

130 3716 204 3776 tuor
226 3733 336 3795 passus
358 3734 377 3775 a
400 3712 469 3775 loco
494 3732 578 3790 oene,
602 3714 634 3774 et
657 3716 730 3774 sunt
753 3710 798 3774 ibi
815 3710 1013 3792 indulgentie
1036 3716 1161 3793 septem
1183 3729 1268 3772 anno

131 3841 202 3882 rum
225 3823 257 3882 et
280 3823 401 3900 septem
423 3839 612 3882 caronarum
627 3816 647 3879 ¹.

133 3991 276 4046 Walthers
295 3991 350 4046 neit
368 3990 460 4058 wanig
486 3989 553 4045 oder
579 4006 632 4058 gar
655 3931 734 4042 niolit
754 3987 904 4042 vertudert
924 3986 1036 4051 haben,
1055 3988 1116 4057 vgl.
1136 3986 1269 4043 besondeu

132 4079 176 4133 die
195 4078 405 4133 ausfr'ihrliohen
424 4079 554 4146 angeben
572 4077 602 4130 in
621 4076 736 4133 Toblers
752 4075 958 4129 Denkblattern
977 4091 1027 4128 aus
1040 4076 1197 4130 Jerusalem
1217 4079 1226 4126 1
1241 4071 1268 4133 ff,

132 4167 224 4220 ferner
244 4166 391 4230 Baedeker,
411 4165 509 4236 Syrien
527 4165 584 4218 und
604 4163 753 4218 Palbstina
776 4162 863 4218 LXVI
882 4161 911 4215 ff.
931 4182 956 4216 u.
976 4164 1019 4217 39.

202 4253 319 4308 lNicht
343 4272 372 4308 so
392 4270 484 4322 genau
503 4251 586 4306 Fabri
605 4253 624 4315 Ι,
644 4255 704 4305 244.
740 4237 815 4305 llber
843 4250 898 4304 den
918 4250 1080 4305 vielfaehan
1100 4251 1215 4306 weohsel
1232 4248 1269 4301 der

130 4342 268 4397 tradition
293 4342 322 4394 in
345 4342 435 4410 bezug
459 4340 510 4394 auf
532 4341 585 4394 den
610 4341 656 4395 ort
680 4339 729 4393 der
754 4338 962 4408 fusswosohung
981 4341 1040 4410 vgl.
1065 4339 1145 4395 Tobl.
1165 4339 1227 4408 Top.
1243 4334 1268 4396 ll,

134 4428 186 4483 106
203 4427 231 4482 ff.
