2842 5070
680 361 742 425 124

134 538 299 602 tendebam
324 538 363 600 ad
388 535 526 602 Yndiam
549 536 714 615 laborare,
753 539 785 599 et
807 535 874 619 ipse
898 536 1024 619 rogavit
1047 557 1107 614 me,
1132 539 1169 599 ut
1193 557 1287 600 essem

134 647 303 707 contentus
325 642 358 705 in
385 646 471 706 terra
494 646 613 721 sancta,
638 641 685 704 ibi
712 639 810 705 vellet
832 662 963 716 mecum,
977 662 1125 717 manere,
1158 645 1191 704 et
1214 644 1288 705 tunc

133 748 297 830 postposui
320 746 445 811 Indiam
478 750 611 830 propter
648 745 752 828 ipsum
774 743 794 807 ¹.
841 743 918 809 Cum
950 750 1057 809 autem
1080 745 1287 829 pervenitad

134 857 253 914 terram
270 856 422 931 sanctam,
447 852 617 935 perplexus
640 851 734 914 finxit
758 850 819 914 sibi
836 871 959 914 eausam
977 850 1098 914 dicens:
1124 849 1219 914 »Non
1242 851 1299 916 est'

134 977 240 1019 meum
264 953 316 1019 hic
339 958 440 1029 stare3
466 979 539 1020 nam
564 956 670 1019 omnia
693 955 802 1020 officia
825 958 900 1018 sunt
915 955 1050 1038 provisa,
1074 959 1106 1020 et
1127 978 1193 1020 non
1217 979 1287 1040 pos·

135 1083 203 1123 sum
229 1061 385 1144 aliquid«
433 1059 532 1125 Nolui
566 1082 636 1124 eum
661 1081 757 1143 super
790 1058 849 1123 hoc
872 1059 1009 1142 emplius
1040 1061 1204 1145 requirere
1233 1083 1289 1125 nec

133 1166 294 1229 mediante
317 1165 425 1249 aliqua
441 1165 603 1230 occasione
618 1168 736 1229 tenere.
766 1163 891 1230 Timui
913 1165 1007 1244 enim,
1030 1166 1056 1229 si
1080 1187 1154 1230 enm
1172 1167 1287 1230 retine·

133 1294 198 1335 rem
223 1275 278 1334 aut
302 1270 444 1354 aliquam
466 1292 595 1353 operam
611 1271 759 1334 manendi
783 1271 900 1349 darem,
924 1270 951 1333 si
974 1274 1051 1334 tunc
1067 1270 1192 1355 aliquid
1215 1293 1287 1335 con-

134 1376 261 1460 tigisset
285 1376 323 1453 ei,
348 1377 415 1460 ipse
432 1376 620 1458 imputasset
635 1375 727 1440 mibi.
777 1376 882 1452 Quare
898 1397 971 1439 eum
986 1375 1112 1458 penitus
1128 1376 1286 1459 resignavi

132 1502 187 1544 sue
210 1481 377 1558 libertati,
401 1481 477 1546 licet
499 1480 702 1545 vehementer
726 1481 910 1564 suspicabar
942 1481 980 1544 de
1002 1501 1059 1544 sua
1081 1481 1216 1564 antiqua
1240 1481 1286 1544 in-

133 1585 322 1665 stabilitate,
347 1603 442 1670 quam
458 1607 517 1670 ego
535 1587 631 1650 etiam
653 1586 754 1650 invia
776 1587 809 1649 in
833 1607 869 1650 eo
885 1588 1003 1652 notavi.
1049 1585 1167 1650 Dimisi
1182 1591 1284 1649 tamen

134 1714 204 1755 eum
229 1692 261 1754 in
286 1713 363 1774 paee
386 1696 418 1756 et
441 1692 574 1756 caritate
597 1713 665 1756 curn
684 1691 870 1756 testimonio
896 1692 979 1755 bono
1001 1712 1059 1775 per
1081 1675 1283 1754 reverendum

132 1801 256 1880 patrem
281 1796 472 1882 gardianum
495 1802 668 1862 conventus
692 1797 776 1862 dato.
824 1794 1056 1861 Recedentibus
1086 1794 1127 1858 ab
1152 1794 1284 1859 invicem

133 1923 202 1966 cum
227 1902 304 1966 fleto
329 1916 455 1988 magn0,
480 1903 573 1967 dictis
596 1901 698 1986 culpis
723 1907 755 1965 et
779 1906 891 1966 mutuo
915 1899 1140 1976 reconciliatis,
1166 1896 1214 1982 [p.
1232 1898 1283 1980 61]

133 2006 276 2070 faciendo
292 2007 352 2070 sibi
369 2007 524 2090 optimam
539 2007 752 2091 provisionem
773 2008 805 2070 in
822 2006 1015 2071 necessariis.
1062 2002 1147 2068 Nam
1166 2005 1199 2067 in
1215 2027 1282 2089 pre·

133 2111 235 2175 sentia
258 2112 307 2175 sui
330 2112 430 2195 ipsius
453 2112 597 2177 commisi
628 2134 698 2176 eum
722 2111 906 2176 fidelissime
937 2109 1065 2174 domino
1087 2109 1228 2192 principi
1250 2130 1282 2172 ae

132 2215 204 2280 aliis
229 2216 319 2280 bonis
342 2216 522 2296 nobilibus,
556 2218 635 2280 meis
657 2217 849 2300 specialibus
872 2216 1068 2294 fautoribus,
1099 2215 1157 2299 qui
1180 2235 1282 2278 omnes

134 2322 281 2385 audiente
307 2321 523 2403 promiserunt
546 2344 617 2386 eum
634 2322 763 2387 omnino
787 2323 866 2386 bene
882 2328 998 2387 tenere.
1046 2320 1088 2383 Et
1103 2319 1208 2384 adhuc
1230 2341 1281 2402 per

131 2426 267 2489 medium
292 2427 378 2490 aliud
402 2448 459 2508 per
483 2426 639 2508 quendam
662 2426 813 2504 nobilem,
836 2426 864 2489 si
888 2425 1042 2489 incideret
1064 2424 1278 2487 infirmitatem

132 2530 273 2614 aliquam
290 2535 348 2594 etc.
364 2526 377 2564 ²
400 2529 442 2593 Et
455 2536 523 2593 erat
537 2534 705 2594 contentus
718 2534 750 2594 et
763 2531 893 2593 recessit
905 2530 942 2594 de
955 2533 1042 2593 terra
1056 2527 1278 2611 promissionis.

221 2635 290 2717 Ego
306 2656 431 2719 quoque
450 2637 587 2699 remansi
611 2639 648 2699 ut
668 2635 829 2718 orphanus
844 2634 930 2700 solus
952 2635 987 2697 in
1006 2638 1093 2698 terra
1109 2633 1277 2717 longinqua

132 2742 217 2804 inter
242 2741 368 2823 ignotos
400 2739 516 2805 iratres
549 2745 581 2805 et
613 2741 724 2804 turbas
747 2739 933 2819 infidelium,
957 2743 989 2803 et
1012 2739 1149 2824 lingwas
1171 2738 1275 2813 varias,

133 2867 211 2930 quas
245 2867 307 2909 non
344 2867 512 2923 noveram,
549 2845 665 2910 audivi.
711 2844 898 2910 Sufficiebat
930 2849 1037 2909 tamen
1069 2843 1169 2908 michi
1201 2842 1273 2907 solus

133 2949 244 3013 lhesus
267 2955 299 3013 et
322 2954 425 3014 mater
449 2949 526 3029 eius,
551 2971 629 3033 quos
653 2950 684 3012 in
709 2954 777 3013 toto
801 2949 893 3013 corde
918 2971 956 3012 ex
971 2949 1119 3012 omnibus
1136 2949 1226 3031 elegi,
1247 2951 1271 3010 et

133 3076 205 3117 cum
229 3054 345 3118 affectu
369 3058 401 3118 et
424 3054 538 3119 effectu
561 3055 733 3137 diligenter
756 3054 886 3138 quesivi,
912 3076 990 3138 quos
1013 3058 1045 3118 et
1068 3054 1269 3118 indesinenter

132 3181 238 3223 amare
273 3159 396 3237 curavi,
428 3160 484 3242 qui
515 3157 593 3221 mibi
626 3158 732 3222 oscula
754 3159 936 3223 dulcissime
966 3159 1137 3223 clementie
1159 3159 1267 3223 habun-

133 3265 224 3328 dater
248 3268 281 3328 et
297 3263 481 3347 frequenter
496 3263 708 3346 prestiterunt
731 3267 763 3327 et
785 3284 834 3327 me
850 3263 998 3327 miserum
1024 3264 1056 3326 in
1077 3264 1267 3328 tribulatione

135 3375 166 3434 et
190 3369 381 3433 adversitate
412 3390 575 3452 nunquam
598 3368 856 3452 dereliquerunt,
888 3369 1004 3453 quibus
1028 3368 1266 3464 inseparabiliter

136 3474 313 3549 adhereb03
337 3496 410 3537 nam
434 3473 478 3536 eis
502 3473 653 3538 adherere
678 3473 795 3538 bonum
819 3479 876 3554 est,
899 3475 1042 3558 separari
1064 3475 1106 3538 ab
1130 3475 1174 3539 eis
1194 3493 1263 3536 arna·

207 3649 218 3700 l
239 3645 363 3700 Hienaeh
383 3645 491 3700 ucheint
509 3647 640 3701 Walther
659 3596 733 3702 troln
760 3646 808 3702 deu
827 3647 1037 3715 misalnngenen
1055 3647 1200 3702 versuches
1223 3645 1262 3698 den

135 3732 341 3788 abassinischen
355 3733 537 3789 missiontren
556 3734 693 3804 augeteilt
712 3754 745 3791 au
758 3735 876 3794 werden.
895 3753 949 3792 von
968 3734 1031 3788 dem
1050 3751 1081 3789 er
1093 3736 1166 3790 oben
1182 3752 1200 3788 s.
1213 3729 1260 3786 ref.

130 3821 286 3884 berichtet,
316 3821 388 3875 auch
405 3824 500 3891 apator
530 3823 601 3877 noch
629 3823 686 3877 sich
716 3822 769 3876 mit
790 3821 953 3892 derartigen
971 3821 1076 3891 planen
1095 3825 1225 3892 getragen
1238 3833 1261 3871 au

132 3908 238 3973 haben,
265 3926 342 3964 woau
361 3909 410 3963 ihn
430 3908 588 3979 allerdings
615 3910 660 3964 die
678 3909 873 3978 gleichzeitige
898 3908 1089 3964 anwesenheit
1116 3909 1163 3965 des
1181 3903 1261 3963 abasi·

133 3997 247 4051 nisohen
261 3996 417 4065 gesandten
436 3998 465 4051 in
484 3997 533 4052 der
552 3997 590 4052 hl.
611 3998 690 4052 stadt
708 3998 889 4052 veranlassen
900 3996 1016 4052 konnte.
1089 3997 1176 4051 anit
1192 3994 1260 4049 dieser
1315 3996 1317 4017 ¹

133 4086 220 4138 etwas
239 4083 377 4138 unlrlaren
397 4085 569 4156 bemerknng
587 4086 647 4140 will
665 4087 797 4142 Walther
815 4086 889 4143 wohl
916 4103 1016 4154 sagen,
1048 4085 1114 4140 dass
1141 4103 1170 4141 er
1190 4085 1258 4140 einen

133 4171 263 4240 adeligen
276 4172 380 4243 einiges
400 4173 465 4244 geld
484 4176 529 4229 fiir
542 4174 635 4229 seinen
649 4192 785 4245 genossen
803 4175 848 4228 fiir
866 4174 919 4229 den
939 4175 992 4229 fall
1011 4174 1090 4229 einer
1102 4170 1258 4233 erlrrankung
1315 4174 1317 4195 ¹

134 4258 207 4313 habe
225 4260 315 4328 geben
333 4261 433 4326 lassen,
452 4261 515 4316 weil
534 4260 625 4316 dieser
643 4261 730 4317 selbot
749 4260 844 4316 keines
862 4261 962 4316 ftihren
974 4260 1080 4316 durfte.
1117 4260 1192 4315 (lana
1209 4255 1258 4310 thn-

133 4347 190 4400 lieh
205 4347 322 4402 'rnechte
341 4366 368 4402 es
387 4349 436 4403 der
454 4348 596 4418 guardian
615 4350 662 4404 des
682 4348 881 4404 Sionslrlosters
908 4348 939 4403 in
957 4349 1048 4419 bezug
1077 4349 1129 4405 anf
1145 4343 1258 4401 Walther,

136 4433 179 4486 als
193 4432 282 4488 dieser
302 4435 356 4488 mit
369 4435 458 4490 einem
472 4437 707 4507 ordensgenossen
721 4436 765 4491 die
778 4436 949 4506 pilgerfahrt
968 4454 1006 4492 an
1017 4436 1074 4491 den
1085 4434 1164 4492 Sinai
1175 4430 1259 4490 antrat
1315 4476 1317 4511 :
