2842 5070
676 367 739 431 120

132 544 259 624 partem
280 540 382 604 noctis
399 539 544 606 duximus
568 544 601 607 in
619 543 769 627 periculis
796 547 929 626 propter
944 544 1149 628 asperitatem
1175 549 1208 608 et
1230 567 1282 627 pe-

132 645 311 710 trositatem
335 647 458 711 viarum
483 650 633 713 continue
657 649 746 733 qnasi
764 647 983 715 ascendendo¹
1006 655 1142 714 montes.
1189 648 1232 712 Et
1252 649 1282 712 in

132 772 247 814 aurora
270 751 488 817 descendimus
513 755 552 818 ad
571 753 698 833 vallem,
722 754 754 817 in
780 776 844 838 qua
866 759 914 819 est
936 753 1066 819 Jericho
1089 759 1121 819 et
1137 753 1283 819 Jordanis

131 855 254 921 fluvius.
302 856 343 921 Et
367 857 449 923 circa
470 881 587 924 nonam
610 859 720 924 horam
738 859 939 943 pervenimus
961 860 1000 924 ad
1015 858 1167 924 Jordanis
1183 859 1281 923 littus.

133 960 174 1025 Et
197 960 242 1025 ibi
265 962 429 1045 peregrini
452 963 628 1045 spoliantes
650 985 684 1027 se
709 964 909 1028 vestimentis
938 964 1002 1027 suis
1024 985 1095 1028 curn
1119 963 1284 1028 devotione

132 1070 164 1129 et
194 1064 310 1131 affectu
338 1066 441 1132 cordis
471 1068 675 1133 intraverunt
699 1069 824 1152 rippam
847 1067 996 1133 lordanis
1018 1067 1209 1145 bullientes,
1239 1069 1282 1131 la·

134 1175 244 1234 ventes
267 1175 299 1235 et
321 1171 548 1256 refrigerantes
571 1195 621 1251 se,
647 1174 722 1258 quia
744 1173 902 1237 maximus
925 1173 1010 1237 calor
1042 1176 1110 1236 erat
1134 1173 1205 1255 ipsa
1228 1174 1283 1252 die,

133 1297 193 1359 qne
217 1280 287 1340 erat
309 1277 412 1360 prima
444 1278 510 1342 dies
538 1278 655 1343 mensis
679 1278 818 1362 Augusti
856 1283 888 1342 et
920 1277 1037 1342 festum
1070 1277 1175 1341 sancti
1200 1276 1283 1341 Petri

131 1380 171 1443 ad
194 1379 329 1446 vincula.
375 1380 545 1447 Descendit
569 1405 695 1468 quoque
727 1388 759 1448 et
792 1384 860 1467 ipse
885 1383 1023 1448 famulus
1054 1381 1207 1447 honestus
1229 1382 1283 1448 Jo-

132 1487 252 1551 hannes
275 1489 312 1553 de
335 1486 489 1572 Yllingen
513 1488 626 1572 utique
650 1490 798 1568 devotus,
820 1509 945 1554 mecum
968 1489 1057 1572 prius
1080 1494 1282 1553 conversatus

112 1592 165 1656 ¹in
190 1592 259 1671 via,
294 1594 451 1677 quomodo
476 1594 588 1659 devote
609 1593 762 1659 vellemus
785 1593 908 1676 intrare
929 1592 1101 1659 Jordanem
1138 1597 1171 1658 et
1201 1595 1246 1659 ibi
1265 1617 1282 1658 a

133 1697 190 1761 deo
213 1701 322 1780 petere
346 1697 544 1762 ablutionem
568 1703 769 1782 peccatorum
786 1697 809 1776 ²,
845 1703 876 1762 et
900 1704 976 1764 tunc
1006 1704 1075 1762 erat
1097 1721 1209 1763 servus
1231 1722 1280 1785 ge-

132 1804 236 1865 nerosi
265 1801 384 1866 domini
410 1801 549 1869 [ludwici
582 1805 619 1869 dc
643 1804 779 1869 Bavaria
803 1805 836 1868 in
861 1803 1082 1869 Scharffeneck
1097 1803 1122 1868 ⁸.
1171 1805 1280 1868 Volens

134 1928 203 1971 cum
229 1907 341 1970 ceteris
364 1907 536 1989 solarere,
561 1909 616 1993 qui
634 1909 795 1974 nesciebat
818 1913 939 1990 natare,
963 1913 996 1973 et
1011 1909 1159 1973 incautus
1182 1909 1215 1973 in
1237 1909 1279 1986 al-

132 2033 190 2076 veo
214 2010 363 2076 lordonis
384 2014 571 2093 ambularit,
595 2019 627 2078 et
650 2019 797 2099 arreptus
822 2037 840 2079 a
866 2014 996 2078 flumine
1018 2014 1132 2078 ductus
1155 2015 1188 2077 in
1212 2035 1279 2098 pro-

133 2116 284 2193 fundum3
308 2140 399 2202 quem
419 2117 527 2183 volens
550 2119 658 2184 iuvare
672 2118 835 2184 Johanncs
854 2118 973 2203 Kropff
987 2120 1024 2183 de
1036 2117 1211 2204 Weybstat
1232 2120 1278 2184 vix

135 2221 244 2301 evasit,
268 2226 301 2286 et
323 2221 369 2286 sic
391 2217 580 2288 submersus
595 2225 746 2310 gaudium
767 2226 1010 2310 peregrinorum
1028 2247 1213 2290 conversum
1237 2232 1278 2292 est

136 2327 169 2390 in
194 2326 315 2391 luctum
339 2332 471 2411 propter
493 2328 649 2393 famulum
673 2331 725 2415 pie
748 2331 901 2396 memorie
924 2335 956 2394 et
973 2334 1105 2414 propter
1122 2332 1276 2395 dominum

134 2453 236 2512 suum,
258 2432 313 2516 qui
337 2420 448 2497 statim
474 2435 625 2517 expendit
647 2435 812 2516 ducatum,
835 2441 871 2501 ut
896 2436 1119 2501 extraheretur
1142 2440 1173 2500 et
1195 2458 1275 2520 sepe·

134 2537 249 2601 liretur
267 2536 300 2600 in
316 2538 509 2603 monasterio
526 2539 627 2603 suncti
643 2538 800 2605 Johannis
817 2539 962 2625 Baptista
974 2540 997 2621 ⁴,
1022 2542 1106 2626 quod
1124 2547 1172 2606 est
1187 2564 1275 2626 prope

698 2689 717 2725 ’Ἅ-

205 2782 218 2837 1
238 2781 313 2836 Muss
327 2780 482 2852 jedenfnlls
500 2779 693 2837 descendendo
711 2780 821 2836 heissen.
911 2782 928 2836 2
947 2780 1001 2837 Mit
1019 2782 1082 2838 dem
1104 2784 1220 2839 besnche
1235 2784 1273 2837 des

135 2870 241 2926 Jordan
259 2885 318 2923 wer
346 2869 392 2922 fiir
418 2867 464 2923 die
481 2868 574 2938 pilger
602 2868 647 2923 ein
668 2869 890 2926 volllrommensr
909 2869 1003 2924 ablass
1022 2870 1199 2934 verbunden,
1226 2870 1270 2924 und

135 2957 180 3012 ein
199 2957 256 3010 bad
282 2957 312 3010 in
330 2954 434 3010 diesem
453 2955 533 3010 flusse
558 2957 640 3011 hatte
668 2956 713 3009 fiir
743 2956 782 3011 sie
808 2956 890 3011 einen
917 2957 1010 3013 hohen
1027 2961 1107 3014 wert.
1144 2960 1221 3014 Viele
1236 2975 1270 3028 ge·

134 3045 289 3099 brauchten
308 3043 353 3099 bei
372 3044 530 3099 demselben
550 3044 600 3098 das
620 3044 753 3113 gewand,
773 3044 823 3099 das
840 3043 927 3098 ihnen
945 3047 1044 3115 sptter
1069 3045 1114 3099 als
1133 3043 1268 3102 sterbkleid

134 3133 235 3188 dienen
248 3133 339 3196 sollte,
358 3130 476 3186 manche
488 3132 571 3186 ritter
583 3132 690 3201 gingen
703 3131 757 3185 mit
768 3131 859 3186 ihrem
872 3131 965 3189 vollen
979 3132 1117 3201 gewande
1129 3131 1173 3187 ins
1185 3146 1269 3186 wasser
1315 3156 1317 3175 ι

136 3220 193 3274 nnd
211 3222 313 3290 trngen
336 3237 364 3274 es
383 3219 461 3273 darm
479 3219 524 3273 bei
543 3219 706 3274 schlaohten
724 3218 763 3273 im
783 3219 916 3289 glauben,
935 3236 964 3274 es
982 3219 1095 3274 schiitze
1114 3219 1154 3275 sie
1172 3238 1218 3275 vor
1234 3235 1268 3288 ge·

135 3308 243 3365 fahren.
280 3308 340 3363 Den
357 3308 471 3379 pilgern
483 3325 542 3360 war
556 3307 697 3372 verboten,
718 3324 768 3360 uns
783 3306 886 3362 andere
904 3307 965 3361 ufer
977 3306 1098 3361 biniiber
1116 3325 1151 3362 zu
1163 3307 1267 3362 schwin·

137 3411 202 3448 men
220 3394 286 3449 oder
305 3395 560 3459 unterzntauchen,
588 3395 705 3449 welches
724 3392 821 3448 verbot
840 3393 972 3463 iibrigens
1000 3393 1097 3464 hdufig
1126 3394 1266 3449 iibertreten

136 3481 240 3536 warde.
277 3482 355 3535 Auch
374 3481 496 3535 nahmen
511 3481 582 3536 viele
594 3482 805 3537 Jordanwusser
823 3481 869 3534 fiir
889 3480 933 3536 die
952 3481 1032 3536 teufe
1050 3481 1102 3536 der
1117 3480 1214 3536 kinder
1229 3478 1265 3534 nit

135 3572 208 3626 trotz
227 3570 332 3639 ptpstl.
351 3569 479 3624 verbotes
497 3569 555 3623 und
573 3570 711 3626 trotzdem
731 3587 760 3624 es
780 3568 825 3624 die
844 3567 1013 3624 schiffsleute
1035 3567 1076 3622 im
1095 3568 1189 3624 schiffe
1206 3566 1264 3621 nicht

136 3656 242 3711 dulden
260 3657 382 3720 wollten,
401 3657 464 3711 weil
483 3656 522 3711 sie
540 3673 568 3711 es
588 3655 635 3711 fiir
656 3657 700 3712 dio
715 3657 832 3711 ursache
847 3674 901 3713 von
914 3658 1041 3712 sturmen
1059 3656 1174 3713 hielten.
1200 3654 1263 3709 mn.

136 3744 168 3799 D.
187 3744 256 3814 pilg.
277 3744 318 3797 28.
423 3747 440 3798 3
468 3745 549 3800 Siehe
568 3745 639 3801 oben
657 3747 690 3801 66
709 3763 783 3801 unm.
802 3746 827 3798 2.
932 3746 950 3799 4
976 3744 1058 3798 Wird
1085 3745 1160 3801 wohl
1185 3739 1262 3798 beiden

135 3831 224 3886 sollen
253 3831 297 3884 »in
316 3831 433 3886 ecclesia
451 3850 471 3885 s.
490 3832 639 3897 loannis«,
668 3833 772 3888 welche
799 3833 871 3887 nach
891 3831 940 3887 der
959 3833 1072 3902 angabe
1091 3831 1186 3886 l'sbris
1211 3825 1261 3882 noct

135 3918 264 3973 ziemlich
286 3920 339 3988 gut
361 3919 491 3974 erhalten
509 3937 590 3974 werin
619 3919 711 3989 gleich
732 3919 888 3990 profanisrt
906 3935 981 3984 war3
1010 3919 1085 3973 denn
1114 3919 1165 3974 das
1181 3915 1261 3972 kloster

136 4006 245 4061 scheint
273 4007 345 4061 nach
377 4006 427 4061 der
454 4004 600 4076 susserung
627 4007 727 4062 Febris
745 4007 779 4072 ll,
809 4008 856 4063 54:
887 4006 1035 4062 »ecclesiae
1061 4006 1119 4062 fnit
1145 4002 1260 4076 quondmss

138 4112 275 4149 annexum
297 4095 514 4151 monasterinm«
542 4093 645 4150 bereits
673 4095 784 4150 damnis
809 4095 894 4150 schon
919 4095 976 4149 fast
1002 4111 1077 4164 ganz
1096 4093 1207 4149 serstdrt
1226 4102 1258 4157 gr

136 4199 226 4237 wesen
245 4200 279 4237 zu
298 4181 363 4236 sein.
402 4170 478 4238 llber
498 4184 548 4237 das
566 4184 630 4239 sehr
647 4185 707 4238 alte
727 4184 844 4246 kloster,
865 4183 984 4238 welches
1013 4182 1063 4237 der
1091 4181 1205 4237 kaiserin
1223 4175 1259 4230 He·

137 4271 203 4325 lena
222 4271 434 4341 zugeschrieben
453 4273 532 4336 wird,
552 4271 610 4326 und
628 4272 725 4327 dassen
744 4272 842 4327 ruineu
867 4273 940 4342 Jetzt
963 4270 1018 4325 den
1038 4288 1141 4325 namen
1160 4270 1221 4324 Kasr
1233 4261 1258 4317 el·

138 4358 247 4413 Yehudi
275 4359 341 4415 oder
367 4361 423 4416 Der
442 4362 503 4416 Mar
521 4361 664 4414 Yuhanna
691 4360 799 4423 ftihren,
828 4360 884 4429 vgl.
904 4357 991 4429 Sepp,
1020 4359 1077 4413 Jer.
1097 4359 1117 4425 l,
1143 4359 1189 4414 ‘149
1196 4399 1203 4425 ,
1217 4350 1258 4412 ⁷58.

144 4448 194 4502 770
213 4447 240 4500 ff.
277 4448 354 4503 Tobl.
375 4449 441 4519 Top.
460 4449 495 4518 ΙΙ,
516 4448 567 4504 708
585 4447 613 4504 ff.
649 4446 733 4503 Baed.
754 4447 804 4503 153
822 4446 842 4504 f.
