2842 5070
674 323 737 389 114

130 503 219 568 venit
234 502 399 567 Helcbaoa
421 524 492 566 cum
515 521 614 564 uxore
637 520 693 562 sua
716 497 810 562 Anna
834 499 871 562 de
887 498 1047 563 Ramatha
1070 500 1105 564 in
1130 499 1200 565 Silo
1223 506 1284 566 sta-

132 608 211 673 tutis
234 608 344 672 diebus
367 601 505 671 adorare
520 608 554 668 et
570 602 737 666 immolare
760 603 887 667 domino
910 604 943 666 in
967 603 1100 687 templo.
1147 605 1192 668 Et
1215 627 1283 670 cum

132 712 225 777 Anna
248 713 422 796 peperisset
445 709 624 775 Samuelem
657 713 689 772 et
712 707 903 772 ablactasset
936 730 1024 788 eum,
1059 709 1182 773 obtulit
1216 733 1285 774 eum

132 815 216 902 Hely
238 816 412 893 sacerdoti,
446 818 483 878 ut
506 813 640 878 serviret
671 812 705 875 in
736 813 856 896 templo
885 813 1004 876 domini
1026 813 1151 878 cunctis
1176 815 1284 880 dicbus

57 940 60 948 ·
130 923 196 986 vite
218 944 287 999 sue;
313 927 346 987 et
369 921 471 986 factus
496 924 543 984 est
567 918 726 1002 propheta
748 923 876 982 sanctus
900 923 931 983 et
950 900 1116 983 iudicabat
1130 921 1283 1003 populum

132 1032 164 1090 et
186 1026 263 1091 fecit
286 1026 476 1090 sacrificium
500 1025 533 1088 in
557 1025 662 1088 tribus
686 1023 872 1087 civitatibus
894 1023 949 1087 acl.
972 1022 1134 1106 Maspbat,
1159 1023 1284 1107 Betbel,

133 1152 194 1214 que
217 1134 265 1194 est
287 1130 320 1194 in
345 1129 505 1207 Samaria,
539 1132 571 1192 et
601 1128 633 1192 in
658 1126 795 1211 Galgala
819 1133 850 1191 et
874 1134 984 1211 postea
1006 1129 1134 1192 redibat
1158 1131 1200 1194 ad
1225 1131 1282 1195 Ra·

131 1235 251 1313 matba,
276 1240 312 1298 11
335 1234 473 1299 babetur
496 1234 513 1299 1
533 1233 657 1318 Regum
683 1233 868 1315 lcapitulo.
914 1232 951 1296 In
969 1231 1046 1317 Sylo
1068 1241 1217 1300 moratus
1239 1242 1282 1302 est

133 1342 229 1405 111111
253 1340 412 1424 propheta
434 1339 565 1417 Achias,
589 1341 609 1403 3
634 1337 712 1420 Reg.
739 1339 778 1402 10
802 1338 952 1421 capitulo.
998 1337 1066 1402 Nec
1090 1340 1136 1403 ibi
1160 1341 1284 1406 videtur

133 1466 199 1509 esse
221 1445 319 1509 statio
341 1445 584 1528 peregrinorum
606 1464 665 1526 pro
688 1441 906 1526 indulgentiis.

221 1549 264 1614 Et
286 1551 387 1614 altera
416 1550 465 1614 dic
495 1554 569 1632 post
596 1549 713 1613 festum
746 1548 836 1612 beate
859 1547 959 1611 Marie
983 1546 1197 1631 Magdalene,
1229 1575 1281 1637 quc

134 1660 204 1721 erat
237 1656 270 1718 in
304 1656 354 1720 die
377 1654 491 1718 Martis
514 1658 547 1719 11
570 1656 611 1720 23
635 1654 701 1718 (1111
723 1654 840 1717 mensis
864 1651 960 1734 Julii,
998 1655 1145 1720 venimus
1182 1672 1280 1722 omnes

134 1783 190 1844 per
213 1761 263 1824 dei
279 1761 418 1844 gratiam
442 1765 474 1825 11
489 1760 685 1825 adiutorium
700 1781 851 1843 prospere
874 1763 906 1823 et
922 1779 1073 1841 generose
1090 1783 1194 1845 prope
1210 1764 1276 1827 ciri·

44 1911 46 1914 -
134 1870 234 1931 tatem
257 1871 400 1930 sanctam
416 1865 624 1930 Iberusolem.
671 1865 719 1929 lbi
739 1865 967 1930 descenderunt
990 1886 1101 1929 omnes
1125 1869 1277 1952 peregrini

134 1972 250 2050 azinos,
273 1972 355 2035 sicut
378 1975 562 2036 consuetum
591 1974 649 2034 est.
696 1969 722 2035 Ο
746 1975 866 2054 quanta
890 1970 1015 2034 devotio
1038 1970 1276 2042 111111111111-

134 2076 264 2161 ligionis
288 2082 364 2140 tunc
388 2078 548 2162 apparuit,
572 2079 699 2162 quando
721 2077 881 2160 principes
905 2076 1132 2157 illustrissimi,
1157 2079 1275 2142 comites

52 2191 60 2208 ‘
135 2183 292 2267 generosi,
319 2183 452 2248 barones
476 2183 594 2263 inoliti,
616 2184 737 2248 milites
760 2183 881 2246 strenui
913 2203 949 2246 ac
971 2182 1066 2246 multi
1091 2182 1216 2247 nobiles
1236 2183 1251 2247 f
1264 2218 1274 2229 ·

136 2288 215 2351 mosi
242 2309 314 2352 cum
337 2288 410 2352 aliis
432 2288 582 2373 plurimis
605 2291 757 2373 personis,
782 2290 855 2372 plus
878 2311 974 2373 quam
997 2289 1144 2353 ducentis
1162 2290 1182 2369 ¹,
1213 2289 1274 2353 reli·

135 2392 235 2476 giosis
271 2398 303 2457 et
325 2395 539 2473 secularibus,
573 2395 739 2459 humiliter
762 2394 989 2478 pedidaverunt
1012 2401 1044 2456 et
1069 2415 1140 2458 cum
1166 2415 1273 2458 summo

136 2497 252 2562 affectu
268 2499 392 2564 civitati
407 2506 514 2564 sancte
530 2485 681 2565 velociter
697 2500 1051 2584 appropinquaverunt!
1076 2497 1119 2563 Et
1140 2498 1273 2563 contritis

137 2603 284 2666 cordibus
308 2607 340 2666 et
356 2602 505 2668 confessis
530 2605 667 2687 peccatis
691 2611 723 2668 et
743 2603 983 2668 ferventissimis
999 2602 1165 2667 desideriis
1181 2603 1271 2667 anime
1309 2642 1312 2653 ·

137 2710 298 2771 estuantes
320 2711 463 2791 optatam
487 2711 540 2775 diu
565 2717 692 2794 portam
714 2710 826 2773 salutis
849 2731 920 2774 cum
943 2708 1070 2792 magnis
1085 2709 1228 2791 suspiriis
1247 2712 1272 2770 et

137 2812 277 2876 lacrimis
299 2813 384 2878 infra
407 2816 544 2898 primam
567 2820 599 2879 et
618 2817 785 2880 secundam
809 2815 919 2879 boram
937 2813 1074 2878 eiusdem
1098 2813 1162 2877 diei
1185 2813 1271 2875 intra·

137 2922 261 2983 verunt.
307 2918 349 2983 Et
373 2921 443 3004 quis
459 2921 607 2985 estimare
631 2925 687 2984 aut
703 2921 824 2985 calamo
847 2940 976 2984 exarare
992 2918 1161 3001 potuisset,
1185 2939 1269 3002 quan·

136 3027 203 3087 tum
229 3022 378 3088 affectum
401 3026 504 3090 cordis
526 3031 559 3089 et
583 3026 771 3091 desiderium
795 3025 909 3088 mentis
931 3024 964 3087 in
988 3022 1106 3104 signis,
1132 3024 1270 3107 gestibus,

136 3128 330 3211 singultibus
364 3133 396 3193 et
428 3130 601 3214 gemitibus
633 3128 780 3193 nonnulli
808 3128 1034 3192 ostenderunt!
1076 3126 1159 3191 Nam
1183 3127 1269 3210 primo

137 3234 283 3299 omnibus
306 3236 485 3318 expositum
507 3235 579 3315 fuit,
604 3236 686 3320 quod
710 3236 749 3299 ad
772 3235 911 3318 primurn
927 3233 1099 3297 introitum
1123 3239 1214 3316 porte
1234 3231 1269 3294 ci-

136 3339 246 3402 vitatis
268 3361 376 3404 omnes
399 3340 577 3424 peregrini,
609 3339 743 3404 confessi
774 3345 806 3403 et
829 3337 960 3403 contriti
992 3338 1029 3401 de
1051 3337 1117 3400 suis
1140 3337 1270 3421 peccatis,

138 3446 299 3530 accipiunt
315 3452 346 3510 et
362 3446 482 3510 babent
492 3447 741 3511 misericorditer
757 3468 775 3509 1
788 3445 915 3510 (1111111
931 3447 1042 3507 nostro
1053 3440 1150 3506 lhesu
1160 3440 1269 3506 Christo

138 3554 171 3614 11
193 3573 213 3615 1
234 3552 307 3616 sede
328 3552 503 3636 apostolico
525 3553 743 3618 confirmatam
773 3549 949 3634 plenariam
976 3548 1195 3613 remissionem
1214 3568 1269 3611 om·

138 3657 226 3721 nium
249 3663 450 3741 peccatorum
485 3664 517 3722 et
545 3680 708 3741 penarum.
756 3657 797 3721 Et
830 3660 903 3739 post
934 3649 1129 3738 ingressum
1150 3650 1270 3717 civitatis

138 3762 335 3826 ducebantur
357 3764 531 3848 peregrini,
555 3769 587 3828 et
609 3763 819 3828 communiter
840 3762 1008 3840 ducuntur,
1030 3759 1058 3822 si
1083 3758 1178 3823 multi
1199 3759 1268 3832 sunt,

705 3896 724 3932 1(

211 3970 224 4024 1
246 3968 326 4025 Diese
344 3970 556 4040 aablenangabe
584 3971 655 4026 11111
673 3987 824 4035 armassem,
851 3968 903 4024 wie
922 3964 992 4038 gross
1013 3966 1126 4022 damals
1145 3968 1214 4022 trota
1230 3963 1268 4016 der

139 4057 230 4112 vielen
248 4059 360 4122 11111111,
380 4058 574 4113 beschwerden
593 4059 650 4113 und
669 4059 803 4128 gefahren
822 4057 867 4113 die
885 4056 1042 4111 teilnahme
1061 4073 1099 4110 an
1117 4055 1172 4111 den
1183 4053 1268 4124 pilger-

139 4149 228 4214 afigen
247 4162 314 4199 war.
351 4145 449 4200 Leider
468 4145 531 4199 sind
545 4147 688 4217 derartige
702 4146 832 4217 angeben
852 4145 919 4199 tiber
937 4142 983 4198 die
1008 4143 1112 4198 anzahl
1125 4141 1268 4198 stmtlicbsr

138 4233 232 4302 pilger
245 4231 360 4287 11111111
373 4234 469 4297 111111,
489 4232 707 4302 undbegntigen
727 4232 786 4288 sich
805 4230 1080 4301 diepilgerbcrichte
1098 4230 1130 4285 in
1148 4230 1195 4284 der
1206 4222 1267 4294 ragel

140 4319 194 4373 mit
220 4321 269 4375 der
288 4322 399 4391 angabe
427 4321 475 4376 der
494 4338 598 4376 namen
625 4322 673 4376 der
691 4320 821 4390 adeligen
851 4320 907 4372 und
926 4318 1094 4388 goistlichen
1119 4318 1207 4389 pilger
1223 4308 1268 4367 und

141 4406 286 4461 allenfallr
305 4409 410 4478 einiger
431 4409 526 4464 diener
546 4409 698 4463 dersolben.
736 4408 790 4460 Um
808 4425 838 4462 so
851 4405 1011 4462 wertvoller
1029 4406 1068 4460 ist
1087 4422 1183 4461 1111111
1201 4399 1268 4458 notia
