2842 5070
678 312 742 379 280

171 487 293 552 Iterum
317 488 469 551 dedomo
492 485 610 572 Pyraei,
634 489 666 550 et
690 507 750 570 que
773 486 891 550 iterum
912 486 999 550 facta
1020 489 1098 551 sunt
1120 487 1248 552 ibidem.

225 643 231 656 .
258 642 264 655 .
290 644 297 658 .
322 592 368 675 [p.
386 591 464 674 244]
489 641 496 656 .
521 641 528 655 .
553 640 562 657 .
586 591 728 655 indomo
749 589 848 654 Pilati
954 592 1026 670 heu,
1048 589 1211 674 heuproh
1234 592 1283 656 dc·

135 697 200 762 lor!
225 697 318 760 hodie
342 702 508 760 morantur
531 696 693 760 maledicti
715 696 852 780 pagani,
888 717 950 759 non
974 699 1200 778 cognoscentes
1233 718 1284 778 per

135 803 244 867 lumen
268 800 342 865 fidei
359 799 487 865 ihesum
510 822 577 865 esse
592 823 702 865 verum
719 801 811 864 deum
835 803 867 864 et
884 799 1056 876 hominem,
1078 822 1138 864 nec
1153 800 1284 883 permit-

135 911 210 972 tunt
233 904 431 970 Christianos
453 906 646 988 generaliter
680 905 812 969 intrare.
858 902 980 968 idcirco
1013 904 1089 968 foris
1124 904 1158 967 in
1181 903 1285 988 platea

135 1011 314 1076 ostenditur
337 1010 382 1074 eis
405 1010 525 1090 domus,
551 1013 583 1074 et
598 1012 801 1092 exponuntur
824 1008 868 1072 eis
890 1029 988 1093 opera
1003 1009 1121 1073 ibidem
1137 1008 1235 1089 facta,
1259 1015 1286 1073 et

135 1117 181 1180 ibi
204 1116 238 1179 in
261 1115 313 1179 via
328 1113 523 1179 refferuntur
545 1114 604 1178 deo
620 1115 799 1199 gratiarum
816 1113 956 1178 actiones
980 1163 1038 1179 ...
1072 1112 1286 1198 Dispositione

135 1225 240 1285 autem
264 1220 372 1284 divina
387 1219 526 1285 contulit
547 1218 628 1283 mihi
644 1219 791 1282 dominus
813 1219 900 1282 inter
922 1222 1027 1283 cetera
1049 1219 1134 1282 hanc
1150 1219 1284 1303 gratian

134 1348 192 1411 per
208 1325 364 1410 quendam
379 1324 513 1389 fratrem
536 1323 600 1388 mei
616 1323 746 1404 ordinis,
771 1324 827 1408 qui
842 1324 1023 1408 aliquorum
1039 1321 1284 1388 Sarracenorum

117 1434 295 1496 ¹morantes
318 1430 408 1494 iuxta
429 1427 517 1494 illam
542 1429 670 1494 domum
694 1428 808 1493 habuit
823 1429 990 1504 notitiam3
1014 1433 1047 1491 et
1069 1428 1124 1492 isti
1141 1428 1284 1493 obtinue-

136 1540 212 1601 runt
235 1535 326 1599 nobis
340 1534 504 1599 licentiam
520 1534 672 1601 intrandi.
718 1533 760 1598 Et
783 1534 827 1598 sic
852 1533 900 1597 bis
916 1533 1064 1598 inductus
1079 1553 1169 1608 sum3
1194 1531 1284 1596 semel

135 1662 235 1726 usque
258 1640 345 1705 intus
367 1639 400 1703 in
416 1639 583 1717 talamum,
606 1637 661 1702 ubi
685 1637 743 1703 hec
765 1637 873 1702 omnia
888 1636 1032 1720 predicta
1049 1633 1181 1700 Christo
1197 1634 1283 1699 Ihesu

134 1753 210 1810 sunt
232 1745 317 1810 facta
339 1744 504 1824 stillata,
539 1742 603 1807 alia
625 1743 693 1807 vice
717 1744 819 1807 solum
842 1763 942 1827 usque
965 1741 1004 1805 ad
1026 1741 1175 1820 ianuam,
1207 1741 1281 1826 quod

135 1850 228 1935 potui
250 1850 338 1914 intus
356 1849 462 1915 videre
486 1854 517 1912 et
539 1869 663 1932 semper
686 1868 757 1912 cum
780 1846 996 1927 festinatione,
1022 1847 1106 1931 quod
1122 1846 1178 1910 vix
1201 1845 1281 1928 potui

135 1956 238 2021 dicere
260 1954 358 2020 Pater
388 1960 496 2020 noster
529 1958 560 2018 et
596 1953 657 2017 duo
680 1954 748 2016 Ave
771 1951 873 2016 Maria
908 1956 940 2016 et
968 1973 1068 2015 unum
1091 1948 1203 2016 Credo.
1250 1949 1281 2011 Et

135 2066 210 2125 sunt
232 2061 278 2124 ibi
301 2061 502 2146 indulgentie
530 2064 652 2143 septem
674 2080 829 2123 annorum
865 2062 898 2122 et
919 2062 1040 2142 septem
1064 2078 1250 2121 carenarum
1263 2053 1279 2118 ¹.

165 2165 213 2252 [p.
237 2165 320 2252 245]
346 2165 394 2231 De
417 2166 486 2233 loco
509 2165 588 2231 bivii
611 2166 694 2230 cirea
715 2168 854 2248 portam,
876 2163 931 2227 ubi
955 2161 1074 2247 Symon
1099 2160 1255 2247 Cyreneus

568 2269 634 2335 fuit
656 2269 850 2354 angariatus.

223 2374 327 2450 Quum
342 2379 448 2439 autem
470 2375 608 2440 venisset
630 2395 730 2459 usque
752 2373 791 2437 ad
807 2373 938 2451 bivium,
962 2372 1044 2456 quod
1067 2372 1163 2436 hodie
1186 2373 1275 2436 estin

135 2482 196 2560 via,
220 2501 281 2566 que
306 2479 396 2545 ducit
418 2479 457 2543 ad
472 2485 609 2562 portam,
633 2501 694 2565 que
718 2485 765 2543 est
788 2477 1032 2562 adaquilonem‚
1056 2480 1088 2542 et
1103 2475 1216 2542 Ihesus
1236 2478 1274 2540 ni-

134 2585 194 2648 mis
210 2585 366 2668 fatigatus
390 2634 397 2648 .
423 2634 430 2648 .
457 2635 462 2647 .
488 2585 660 2650 corruisset
682 2589 923 2667 superterram,
947 2583 1158 2666 dispositione
1184 2585 1275 2648 divina

134 2689 222 2754 venit
246 2689 374 2774 quidam
399 2689 447 2752 vir
469 2710 592 2773 pauper
615 2689 653 2752 de
668 2688 747 2753 villa
762 2689 889 2752 nomine
905 2685 1024 2772 Symon
1041 2685 1205 2772 Cyreneus
1219 2737 1227 2753 .
1240 2741 1246 2754 .
1261 2737 1275 2765 .‚

134 2815 229 2878 quem
252 2792 351 2878 elegit
374 2792 486 2857 ihesus
509 2843 516 2858 .
542 2842 550 2858 .
574 2842 582 2858 .
605 2794 667 2857 sibi
690 2793 724 2858 in
747 2793 868 2858 socium
891 2792 1048 2875 passionis
1071 2841 1131 2858 ...
1166 2793 1207 2857 Et
1228 2795 1274 2856 iste

702 2917 718 2947 a

134 2989 209 3039 ware
229 3002 283 3040 von
302 2985 367 3040 dort
385 2983 465 3038 nicht
483 3001 537 3038 nur
556 2983 627 3038 nach
647 2983 726 3048 Rom,
756 2983 876 3038 sondern
895 2984 966 3037 auch
984 2982 1055 3036 nach
1074 2983 1140 3038 Pisa
1159 2985 1222 3038 erde
1238 2998 1274 3051 ge·

134 3072 235 3136 bracht
254 3072 376 3128 worden.
413 3070 527 3135 Tobler‚
547 3070 614 3142 Top.
633 3071 670 3135 11,
688 3071 741 3126 272
760 3070 823 3125 h'alt
840 3069 922 3125 beide
940 3070 1073 3140 angeben
1093 3073 1138 3124 fiir
1157 3073 1220 3126 sehr
1235 3089 1274 3123 un·

133 3157 372 3214 wahrscheinlich.
408 3155 665 3211 NachGhist.101
695 3156 796 3212 hatten
824 3174 877 3210 nur
905 3156 949 3212 die
968 3157 1115 3213 Armenier
1143 3159 1190 3213 ein
1212 3158 1276 3213 recht

134 3246 248 3315 gehabt‚
268 3246 318 3300 auf
335 3245 439 3300 diesem
459 3244 542 3299 acher
561 3245 703 3315 bagraben
721 3263 755 3298 zu
774 3245 894 3299 werden.
932 3244 976 3300 Sic
994 3245 1097 3300 hatten
1116 3249 1275 3318 ebergerus

134 3334 191 3388 alle
210 3333 333 3388 christan
360 3333 414 3387 mit
433 3333 588 3388 ausnahme
614 3333 664 3388 der
682 3332 817 3402 Georgier
846 3333 911 3388 dort
929 3349 1020 3402 gegen
1039 3332 1101 3388 eine
1119 3333 1214 3390 kleine
1230 3336 1276 3388 ent·

133 3421 309 3491 scht'adignng
327 3421 470 3490 bagraben
488 3423 590 3477 lassen.
626 3420 711 3475 Fabri
730 3420 859 3490 dagegen
879 3423 960 3490 sagt,
988 3420 1052 3473 dass
1081 3421 1130 3475 der
1150 3422 1231 3478 acher
1246 3422 1276 3473 in

134 3508 237 3564 besitze
254 3507 438 3577 griechischer
458 3509 580 3570 mdnehe,
601 3507 763 3578 ›calogeri‹
785 3508 856 3577 (ng.
874 3525 896 3561 a.
913 3507 947 3563 80
961 3525 1036 3562 anm.
1052 3509 1078 3578 1)
1098 3525 1225 3578 gewesen
1240 3509 1277 3571 sci,

133 3596 237 3653 welche
256 3595 323 3651 aber
341 3595 450 3664 wanige
464 3595 548 3664 jahre
568 3613 617 3651 vor
635 3595 726 3650 seiner
744 3595 937 3650 anwesenheit
956 3595 1006 3650 ihn
1025 3595 1127 3651 hatten
1148 3600 1279 3654 verlassen

133 3690 255 3739 mussan.

204 3774 216 3825 l
237 3771 315 3825 Auch
334 3770 441 3824 Tacher
453 3771 504 3826 356
518 3788 544 3823 u.
556 3771 609 3826 360
628 3771 686 3824 und
706 3771 802 3826 Rieter
820 3770 855 3826 60
867 3772 888 3825 f.
905 3788 1000 3826 waren
1017 3771 1048 3825 in
1067 3771 1174 3828 diesem
1193 3775 1276 3828 hause.

132 3859 216 3913 Fabri
234 3857 301 3911 kam
319 3857 397 3912 nicht
417 3857 519 3912 hincin.
557 3856 627 3913 Sehr
645 3876 738 3928 genau
763 3859 815 3915 hat
834 3859 974 3929 Pfintzing
992 3859 1073 3930 (1436
1093 3877 1119 3914 u.
1141 3861 1220 3931 1440)
1238 3861 1280 3914 das

132 3944 235 4001 tulleta
254 3946 302 3999 des
321 3945 420 4000 hauses
440 3945 634 4001 beschrieben:
655 3948 728 4002 »Das
747 3948 865 4001 rathaus
882 3947 934 4002 hat
953 3948 1022 4016 drey
1041 3949 1089 4001 tiir
1108 3965 1165 4018 gen
1184 3950 1280 4016 mittag

131 4050 226 4097 wercz,
246 4033 291 4088 die
310 4036 383 4088 arcte
402 4035 451 4102 get
470 4033 499 4088 in
518 4033 563 4088 ein
576 4035 707 4098 mantal,
727 4053 757 4103 sy
777 4034 815 4089 ist
833 4035 909 4090 einer
922 4035 1028 4107 klofter
1039 4034 1106 4089 weit
1125 4035 1181 4090 mit
1199 4035 1279 4090 cinam

132 4121 241 4188 nydern
259 4138 425 4193 swypogen;
444 4122 490 4176 die
509 4122 596 4176 ander
614 4121 652 4176 ist
671 4122 810 4177 viereck'et
828 4123 900 4176 hoch
919 4123 977 4176 und
989 4121 1070 4188 weid,
1090 4123 1125 4178 do
1145 4123 1232 4178 durch
1248 4123 1279 4174 ist

131 4224 215 4263 unser
234 4208 298 4263 herr
316 4211 452 4278 geurteiIt
470 4209 524 4264 mit
543 4210 606 4264 dem
624 4210 715 4264 krewa
734 4227 897 4280 gegangen,
922 4209 967 4264 die
985 4209 1045 4264 selb
1064 4213 1111 4263 tiir
1132 4210 1171 4265 ist
1189 4228 1222 4264 au
1239 4223 1279 4276 gc·

132 4298 245 4360 mawrt;
264 4314 298 4349 zu
317 4297 366 4351 der
385 4297 495 4352 dritten
513 4299 560 4351 thr
578 4299 627 4366 get
645 4314 712 4350 man
725 4298 814 4366 syben
832 4297 926 4352 staffel
946 4299 1002 4360 auf,
1022 4315 1054 4366 sy
1073 4299 1112 4351 ist
1124 4297 1202 4352 funff
1216 4312 1277 4366 span

132 4383 202 4438 hoch
221 4385 278 4438 und
292 4385 353 4440 also
363 4385 433 4440 weid
454 4387 496 4440 als
509 4386 581 4441 oben
591 4387 701 4456 gemalt
719 4386 783 4440 ist«.
805 4387 891 4441 acar.
903 4386 1042 4449 Meissner‚
1054 4384 1087 4441 l).
1101 4385 1197 4456 Pilger
1210 4405 1231 4440 s.
1242 4385 1276 4440 93.
