2842 5070
677 352 739 418 160

132 525 194 588 hiis
218 525 421 590 consideratis
455 526 559 590 iudico
589 549 652 590 non
678 548 744 591 esse
767 527 927 592 sufficiens
950 551 1043 596 causa
1067 553 1117 594 me
1142 530 1208 593 iam
1229 551 1277 592 er-

132 653 248 713 ponere
271 653 330 714 pro
353 653 469 696 corona
491 635 679 714 martyrum.
727 631 791 694 Alii
826 637 960 715 possunt
992 637 1094 701 dicere
1124 639 1159 698 et
1181 633 1280 697 faeere

132 737 303 800 secundum
329 736 554 801 conscientiam
580 757 718 800 eorum«
766 736 838 800 Hiis
873 739 991 804 auditis
1023 760 1132 804 omnes
1168 737 1281 801 fratres

133 846 165 904 et
187 844 349 925 peregrini
380 843 479 906 secuti
511 848 585 905 sunt
614 863 720 905 meum
745 844 945 926 negativum,
976 847 1013 909 ad
1045 846 1128 928 quod
1162 844 1280 926 etipse

133 949 304 1030 gardianus
327 947 495 1030 acquievit.
543 946 585 1009 Et
607 947 651 1010 sie
675 967 737 1010 uon
760 949 879 1011 nostris
901 951 1025 1013 meritis
1056 950 1110 1012 sed
1133 950 1205 1013 sola
1235 949 1281 1011 dei

132 1053 237 1135 gratia
260 1075 322 1117 non
346 1053 545 1117 intravimus.
592 1052 624 1115 Si
658 1053 742 1116 enim
765 1053 986 1134 intrassemus,
1021 1055 1133 1137 utique
1157 1053 1281 1136 pericli-

133 1164 306 1235 tassemus3
331 1181 402 1221 narn
427 1159 541 1241 hospes
565 1163 673 1222 noster
695 1180 839 1242 paganus
861 1161 1073 1224 confitebatur
1096 1159 1189 1223 nobis
1213 1162 1282 1241 post

133 1264 170 1326 de
192 1286 285 1328 mane
308 1263 417 1343 invia,
441 1263 523 1346 quod
547 1262 615 1344 ipse
630 1262 796 1326 habuisset
815 1285 966 1348 magnum
989 1265 1137 1328 timorem
1162 1265 1199 1327 de
1222 1285 1281 1326 uno

133 1369 196 1433 alio
219 1369 408 1447 Sarraceno,
440 1369 494 1451 qui
519 1369 707 1432 intendebat
738 1373 812 1432 ante
836 1369 930 1433 breve
953 1374 1079 1452 tempus
1102 1391 1202 1432 unum
1227 1367 1281 1431 du·

134 1474 225 1537 deum
255 1496 314 1556 pro
337 1474 474 1557 triginta
496 1473 601 1536 aureis
632 1474 698 1536 sive
731 1474 852 1537 ducatis
876 1474 1025 1539 inducere
1058 1476 1091 1538 in
1115 1473 1280 1556 templum,

135 1581 166 1641 et
189 1600 259 1642 cum
276 1577 380 1641 noluit
395 1578 456 1641 sibi
482 1579 556 1641 dare
572 1584 706 1660 partem,
730 1578 797 1661 ipse
814 1601 884 1642 eum
902 1579 1121 1663 impedivisset
1146 1585 1178 1642 et
1203 1579 1281 1641 hunc

134 1684 292 1747 timuisset
309 1683 400 1746 modo
410 1683 558 1762 multum,
577 1688 608 1746 et
619 1682 789 1765 placuisset
801 1684 871 1762 sibi,
891 1685 974 1767 quod
985 1706 1046 1748 non
1060 1684 1252 1747 intravimus
1263 1680 1282 1745 ¹.

224 1786 291 1852 Hec
308 1809 432 1851 muscea
447 1789 513 1851 sive
523 1788 692 1870 ternplum,
711 1789 765 1852 ubi
782 1795 829 1852 est
841 1790 1005 1871 sepultura
1018 1788 1282 1871 patriarcharum,

135 1914 171 1956 ac
195 1892 288 1955 etiam
312 1893 424 1956 civitas
448 1893 536 1956 Abra
567 1893 665 1956 distat
696 1895 757 1958 duo
787 1893 926 1958 miliaria
956 1894 1166 1976 asepnltura
1188 1894 1282 1975 ipsius

136 1999 218 2064 Loth
232 1997 255 2079 ⁹,
280 2000 333 2083 qui
358 2003 426 2064 erat
444 1999 546 2064 frater
561 1999 638 2064 Sara
652 1999 676 2079 ⁸,
699 2001 806 2064 uxoris
822 2000 962 2080 Abrahe,
984 2003 1022 2063 ut
1044 1999 1183 2062 habetur
1207 1997 1282 2060 Gen.
1308 2019 1312 2028 ·

135 2107 222 2188 capit
244 2104 299 2169 XI.
348 2105 387 2168 Et
421 2106 459 2168 ad
493 2105 577 2169 hunc
607 2105 713 2169 locum
743 2126 806 2168 non
830 2111 1011 2192 poteramus
1034 2104 1145 2167 venire
1168 2125 1225 2168 nec
1247 2103 1281 2164 ad

136 2211 292 2273 desertum
309 2209 465 2274 Johannis
482 2208 503 2286 ⁴,
527 2210 582 2273 ubi
599 2216 668 2273 erat
690 2211 722 2321 ip
746 2210 877 2274 desertis
893 2231 992 2294 usqne
1016 2210 1055 2272 ad
1078 2209 1164 2272 diem
1180 2212 1279 2272 osten·

138 2347 312 2416 verteidigen
327 2346 468 2416 Origenes,
489 2345 615 2402 Clemens
629 2347 842 2410 Alexandrinus,
856 2347 1050 2416 Hieronymus,
1064 2346 1150 2409 Beda,
1163 2345 1280 2402 Anselm,

135 2436 302 2489 Thomasu.
321 2452 346 2488 a.
366 2433 412 2487 die
431 2435 554 2499 ansicht,
583 2434 688 2490 welche
705 2435 837 2490 Walther
863 2436 924 2489 hier
948 2435 1115 2504 ausspricht.
1155 2435 1219 2502 Vgl.
1237 2433 1277 2486 des

138 2520 283 2578 Cornelius
303 2541 320 2576 a
338 2521 445 2591 Lapide
463 2525 637 2577 commentar
658 2541 707 2575 aur
725 2522 855 2577 citierten
873 2522 963 2576 stelle.

209 2609 429 2663 1Belranntlieh
456 2609 495 2663 ist
514 2611 584 2664 auch
602 2611 687 2664 haute
711 2611 783 2666 noch
810 2611 861 2665 das
880 2610 1007 2665 betretcn
1036 2610 1085 2664 des
1105 2609 1276 2664 Herem-esch

136 2696 245 2753 Scherif
261 2697 319 2750 und
337 2696 486 2752 besonders
506 2697 555 2752 der
568 2698 680 2753 Knbbet
699 2699 847 2754 es=Saohra
865 2698 922 2752 und
943 2697 991 2752 des
1004 2698 1112 2751 Haram
1131 2699 1162 2750 in
1174 2696 1274 2750 Hebron

136 2785 227 2838 Juden
246 2784 303 2838 und
324 2784 453 2838 Christen
473 2787 587 2854 strange
601 2785 747 2841 verboten.
784 2785 816 2839 ln
829 2785 960 2840 l'rhheren
979 2785 1070 2839 aeiten
1084 2784 1186 2839 wollen
1205 2783 1274 2836 aller·

136 2873 218 2943 dings
236 2872 283 2926 hie
300 2872 357 2925 und
387 2872 425 2926 da
444 2872 536 2942 pilgcr
557 2872 713 2929 verkleidet
741 2874 770 2927 in
794 2873 870 2927 einer
888 2873 977 2927 dieser
995 2872 1142 2926 moscheen
1161 2886 1273 2940 genesen

137 2961 208 3023 sein,
236 2977 265 3015 so
286 2959 430 3013 Barchard
451 2960 480 3013 in
501 2959 627 3015 Hebron:
658 2959 857 3031 ›Sepulchrum
876 2960 1104 3030 patriarcharum
1124 2958 1235 3013 visitavi
1251 2955 1273 3008 in

137 3050 196 3104 loeo
214 3048 268 3102 isto
286 3050 314 3101 et
333 3047 424 3101 mansi
441 3047 472 3102 in
491 3064 523 3103 eo
542 3066 599 3102 una
617 3051 713 3104 nocte«
735 3049 889 3118 Descriptio
908 3049 941 3112 X,
954 3049 986 3102 81
1007 3047 1066 3101 und
1084 3045 1169 3101 Harff
1184 3046 1212 3098 in
1232 3044 1272 3096 He·

136 3136 207 3191 bron
228 3136 278 3189 160
296 3134 353 3189 und
372 3135 526 3190 Jerusalem
548 3134 608 3190 180.
646 3134 740 3189 Allein
767 3135 828 3189 ihre
848 3135 979 3204 angaben
997 3134 1110 3188 kdnnen
1134 3133 1211 3187 nicht
1228 3129 1272 3182 alle

137 3223 245 3279 aweilel
263 3223 331 3277 iiber
348 3222 409 3277 ihre
428 3222 689 3293 glaubwiirdigheit
710 3226 874 3288 aerstreuen,
894 3221 952 3276 und
969 3221 1030 3275 ihre
1049 3220 1270 3286 beschreibungen

137 3311 199 3364 sind
227 3328 257 3366 so
281 3310 449 3378 allgemein,
478 3309 542 3363 dass
571 3310 610 3364 sie
629 3311 701 3365 wohl
731 3311 801 3364 auch
820 3310 1050 3379 nachcratthlung
1068 3326 1124 3363 von
1143 3307 1270 3376 gehtrteu

137 3400 196 3453 sein
222 3399 352 3453 konnen<
378 3397 456 3452 Auch
474 3397 544 3452 Lud.
564 3417 590 3454 v.
610 3398 694 3454 Sudh.
714 3399 747 3453 70
767 3400 848 3468 sagt,
868 3397 932 3452 dass
951 3396 1005 3451 den
1024 3394 1155 3450 Christen
1174 3394 1220 3446 der
1236 3392 1270 3443 be·

137 3486 205 3540 such
224 3487 357 3541 verboten
377 3485 428 3550 sei,
456 3485 520 3555 fuge
548 3486 617 3540 aber
637 3485 714 3539 dann
736 3486 806 3541 doch
824 3485 885 3547 bei,
914 3484 977 3538 dass
996 3502 1052 3539 von
1070 3482 1219 3537 denselbeu
1236 3476 1269 3531 die

137 3576 233 3629 hirche
252 3577 344 3628 »intus
362 3577 391 3628 et
409 3576 489 3628 extra
507 3575 650 3629 commode
668 3574 840 3643 perlustrari
857 3575 950 3642 potest
960 3595 967 3638 3
996 3573 1026 3626 et
1055 3573 1098 3625 est
1117 3572 1193 3624 intus
1209 3564 1268 3621 deal·

137 3664 207 3717 bata
226 3665 254 3718 et
273 3662 415 3732 lapidibus
431 3661 502 3717 bene
520 3664 621 3717 ornata
648 3667 677 3716 et
708 3679 758 3731 per
778 3660 883 3730 gradus
909 3661 940 3714 in
957 3658 1160 3713 cancellarium
1177 3657 1268 3710 desacr-

138 3751 215 3805 ditur
242 3753 272 3803 in
290 3751 475 3820 speluncam«
513 3749 622 3804 Sichere
651 3749 837 3804 nachrichten
869 3748 937 3803 iiber
964 3747 1014 3801 das
1042 3746 1171 3801 betreten
1197 3741 1267 3796 dieser

138 3840 263 3894 moschee
282 3838 369 3892 durch
388 3837 516 3893 Christen
536 3839 627 3892 haben
646 3838 697 3891 vvir
716 3840 774 3892 erst
793 3855 842 3891 aus
861 3853 989 3891 unserem
999 3833 1198 3905 jahrhundert.
1217 3824 1266 3894 vgl.

138 3924 295 3980 raa-sume
321 3943 348 3980 a.
377 3942 402 3978 a.
429 3943 452 3980 ο.
490 3923 678 3980 Sonderbarer
708 3923 791 3978 weise
822 3923 951 3977 erwahnt
977 3920 1068 3975 Ghist.
1099 3920 1172 3975 diese
1198 3917 1265 3980 lange

139 4012 342 4081 verhandlung·
356 4029 453 4082 wegen
479 4011 526 4065 des
554 4013 685 4066 zutrittes
709 4029 757 4064 aur
778 4010 904 4065 moschee
923 4025 976 4078 gar
995 4007 1084 4063 nicht.
1188 4001 1263 4058 ΗΜ

139 4101 211 4170 grah
230 4101 323 4167 Loths,
343 4100 393 4153 das
412 4101 482 4154 auch
495 4100 579 4154 Fabri
593 4099 628 4168 ll,
642 4101 694 4154 348
706 4099 844 4160 erw'ahnt,
864 4097 944 4151 sucht
963 4095 1025 4150 eine
1039 4095 1133 4149 uralte
1147 4088 1261 4146 tradition

139 4188 213 4242 beim
241 4189 375 4256 heutigen
395 4187 462 4241 Beni
486 4187 585 4251 Naim,
612 4185 706 4240 kleine
733 4184 800 4239 zuei
830 4183 951 4237 stunden
978 4183 1080 4236 dstlich
1099 4199 1153 4236 von
1172 4177 1259 4232 Hebron

140 4275 266 4345 gelegen.
295 4276 374 4345 Sepp,
393 4275 448 4329 Jer.
468 4277 487 4336 Ι,
507 4275 567 4330 610.
587 4273 748 4337 lib-Gutta,
767 4271 829 4326 Pal.
851 4271 883 4334 II,
903 4271 963 4326 214.
1036 4267 1146 4324 3Loth
1163 4281 1215 4320 var
1229 4260 1261 4312 be·

140 4364 287 4417 kanntlich
306 4364 351 4418 ein
369 4362 542 4418 brudersohn
553 4361 720 4415 Abrahams.
781 4395 783 4399 -
827 4356 1046 4412 lGewohnlich
1063 4356 1136 4410 vvird
1150 4355 1216 4425 jetat
1230 4344 1261 4400 dil

141 4450 252 4520 gegcnd
280 4468 333 4505 von
361 4451 415 4503 Ain
444 4450 544 4515 flebis,
577 4448 639 4504 eine
668 4448 770 4502 stunde
801 4447 837 4500 20
865 4447 995 4500 minuten
1024 4462 1079 4501 ron
1108 4444 1161 4498 Ain
1190 4433 1263 4493 naim
