2842 5070
695 327 714 389 6

133 503 269 588 gratiam
292 502 326 565 in
342 504 513 585 conspectu
528 501 735 582 prelatorum,
758 501 860 585 daque
884 501 962 565 mihi
978 501 1151 566 secundum
1167 501 1278 567 volun-

132 614 231 673 tatem
264 612 297 671 et
318 607 445 672 laudem
477 612 565 671 tuam
597 606 630 669 in
658 607 819 689 presentia
842 607 984 672 omnium
1015 610 1101 671 recte
1131 607 1223 692 loqui
1252 613 1283 672 et

134 714 212 777 bene
235 734 339 797 agere.
384 710 468 776 Nam
504 731 572 794 ego,
601 714 639 775 ut
661 710 756 791 nosti,
789 716 820 775 te
843 711 1019 775 auxiliante
1041 709 1185 796 inten[p.
1210 713 1282 796 3]d0

133 818 234 883 vitam
248 839 351 881 meam
372 816 539 881 emendare
563 820 596 879 et
618 821 651 879 te
666 820 831 898 prestante
848 815 972 881 cunctis
994 816 1106 880 diebus
1129 818 1197 881 vite
1218 840 1282 884 mee

133 922 195 986 tibi
218 921 346 1000 servire,
370 921 424 985 ubi
447 925 480 985 et
497 921 654 1005 quomodo
675 942 795 985 summe
819 921 879 985 tibi
895 921 1062 1004 placuerit.
1109 921 1180 987 Hec
1203 925 1283 988 enim

134 1028 236 1106 cred0,
271 1028 354 1110 quod
385 1049 448 1092 nou
480 1047 554 1090 caro
583 1048 653 1090 mea
683 1027 736 1090 sed
768 1027 839 1109 pius
862 1031 956 1110 pater
985 1024 1111 1090 celestis
1133 1027 1284 1093 revelavit

136 1131 265 1196 michi<
312 1131 355 1195 Et
382 1153 453 1195 ecce
476 1131 586 1196 statim
614 1131 693 1195 mihi
717 1131 811 1196 affuit
840 1132 948 1196 divina
971 1131 1078 1214 gratia
1107 1136 1141 1195 et
1163 1135 1283 1196 tantam

137 1237 351 1303 constantiam
375 1236 520 1319 prestitit
543 1239 575 1300 et
598 1235 698 1300 lorica
714 1237 871 1319 patientie
892 1259 942 1301 me
966 1237 1119 1301 armavit:
1140 1235 1182 1300 In
1205 1258 1285 1318 casu,

137 1342 318 1406 siluissem
342 1341 567 1421 incarceratus,
599 1342 711 1426 utique
733 1363 803 1406 cum
827 1343 944 1426 gaudio
965 1341 1201 1406 sustinuissem.
1246 1341 1284 1407 Et

137 1454 215 1513 tunc
229 1448 381 1532 proposui
398 1448 477 1513 mihi
493 1448 629 1512 firmiter
651 1470 710 1533 pro
732 1448 800 1512 solo
815 1470 922 1514 amore
939 1447 1035 1513 Ihesu
1050 1468 1167 1531 corpus
1185 1469 1284 1512 meum

139 1555 177 1618 ad
201 1574 334 1638 magnos
356 1553 493 1634 labores,
518 1554 555 1618 ad
580 1558 804 1637 paupertatem
827 1549 1009 1633 extremam,
1035 1554 1075 1618 ad
1098 1554 1237 1618 esuriem
1257 1558 1287 1619 et

139 1659 238 1735 sitim,
262 1658 300 1721 ad
323 1662 424 1722 astum
448 1663 480 1723 et
504 1657 636 1741 frigora,
661 1657 699 1722 ad
716 1659 880 1741 angustias
904 1663 936 1723 et
951 1658 1095 1722 miserias
1119 1663 1151 1723 et
1174 1659 1214 1723 ad
1236 1681 1286 1743 pe·

140 1763 241 1827 ricula
252 1760 355 1824 multa
368 1767 399 1826 et
412 1763 538 1826 tandem
552 1763 590 1827 ad
602 1763 756 1846 passionis
767 1762 948 1827 martirium
957 1762 1139 1827 voluntarie
1154 1764 1286 1830 tradere.

228 1866 296 1931 Hec
311 1867 395 1950 apud
411 1889 461 1931 me
475 1868 582 1951 sepius
598 1868 760 1951 cogitante
776 1868 1048 1953 appropinquavit
1063 1873 1194 1952 tempus
1218 1891 1287 1953 pro-

142 1971 288 2048 vincialis
311 1971 446 2055 capituli
470 1994 553 2036 anno
576 1972 697 2038 Christi
723 1974 803 2037 1481
837 1974 871 2037 in
894 1974 1188 2039 eodem-conventu
1212 1975 1287 2040 cele·

142 2078 254 2143 brandi
272 2075 293 2141 ¹.
340 2064 567 2141 Confluxerunt
587 2077 785 2143 venerabiles
807 2083 915 2162 patres
937 2100 973 2144 ac
996 2079 1102 2145 devoti
1118 2079 1239 2145 fratres
1259 2081 1288 2144 in

142 2185 225 2248 bona
248 2183 348 2265 copia,
384 2203 463 2266 quos
485 2204 594 2246 omnes
616 2203 689 2247 curn
712 2183 829 2267 gaudio
851 2184 984 2268 suscepi,
1018 2205 1055 2248 ac
1077 2184 1167 2268 ipsis,
1200 2189 1290 2268 prout

143 2287 246 2373 potui,
269 2286 407 2350 fideliter
429 2287 545 2351 servivi
575 2291 607 2351 et
629 2287 765 2371 largiter
787 2293 819 2352 et
841 2289 993 2371 pretiose,
1016 2310 1078 2373 que
1101 2311 1161 2372 per
1185 2311 1290 2354 manus

144 2395 330 2458 devotorum
362 2391 505 2456 fidelium
538 2392 667 2456 fuerant
699 2393 845 2477 elargita,
878 2393 1108 2459 administravi.
1162 2393 1289 2458 Peracto

146 2498 252 2563 officio
285 2498 323 2561 de
349 2497 467 2580 spiritu
495 2503 604 2562 sancto
627 2503 659 2562 et
684 2498 882 2563 orationibus
904 2498 998 2563 factis
1028 2499 1149 2563 electus
1183 2504 1233 2565 est
1260 2501 1289 2563 in

145 2604 298 2670 vicarium
320 2601 546 2684 provincialem
573 2603 762 2668 venerabilis
785 2607 897 2686 pater,
920 2602 1022 2668 frater
1047 2602 1215 2668 «Iohannes
1236 2604 1288 2668 Al·

146 2705 267 2795 parch2
302 2705 372 2771 loco
400 2707 591 2771 venerabilis
625 2708 744 2791 patris,
776 2707 886 2772 fratris
913 2707 1072 2773 Johannis
1105 2709 1144 2774 de
1179 2707 1287 2787 Larci

146 2836 250 2898 nuper
287 2811 440 2876 mortuo*
472 2813 531 2877 sub
562 2812 677 2877 itinere
715 2814 755 2879 ad
787 2813 964 2896 capitulum
1002 2813 1160 2897 generale.
1219 2813 1287 2879 Cum

147 2924 253 2985 autem
276 2922 348 2982 acta
372 2917 505 3000 capituli
534 2918 645 2982 deinde
667 2918 712 2983 sic
734 2923 1018 3002 prosequerentur,
1053 2924 1090 2983 ut
1114 2921 1212 2985 moris
1240 2923 1284 2995 est,

146 3026 298 3091 timebam
320 3021 421 3101 valde,
445 3020 526 3084 mihi
546 3021 665 3085 inferre
688 3022 949 3105 impedimentum
973 3022 1006 3086 in
1030 3045 1135 3088 meam
1159 3024 1282 3109 gratian

147 3129 371 3215 apostolicam,
404 3131 435 3191 et
469 3131 631 3191 sumerent
658 3127 853 3191 occasionem
887 3149 925 3191 ex
956 3127 1035 3208 hoc,
1069 3128 1099 3191 si
1132 3151 1197 3194 non
1229 3126 1281 3194 avi·

714 3266 731 3297 ¹1·

224 3357 237 3411 1
257 3353 351 3408 Dieses
370 3351 637 3422 provincialkapitel
661 3351 776 3421 begann
801 3369 847 3406 am
866 3354 882 3405 5
902 3354 973 3422 Aug.
993 3351 1070 3406 1481.
1110 3355 1191 3410 Anal.
1209 3356 1277 3408 franc

149 3448 183 3513 ΙΙ,
202 3445 262 3499 480.
368 3442 384 3494 2
404 3440 432 3493 P.
451 3441 593 3495 Johannea
606 3440 750 3510 Altparth‚
770 3439 815 3494 ein
828 3439 1014 3495 backerssohn
1033 3456 1084 3493 aas
1096 3440 1187 3506 Basel,
1206 3438 1278 3494 warde

151 3535 220 3589 1474
247 3549 310 3584 zum
338 3531 431 3583 ersten
457 3529 533 3582 male
559 3528 679 3583 vicarius
705 3527 866 3597 provinciae
901 3527 1077 3597 Argentinae
1112 3525 1277 3600 (provincial),

151 3623 220 3677 1480
239 3617 380 3689 guardian
404 3616 433 3669 in
452 3615 612 3684 Ndrnberg‚
638 3617 703 3669 1481
730 3633 793 3668 cum
811 3614 927 3669 aweiten
946 3615 1003 3668 und
1025 3617 1092 3670 1487
1112 3635 1174 3670 zum
1192 3616 1276 3670 dritten

151 3710 226 3765 male
244 3703 402 3777 provincial
429 3704 486 3756 und
513 3702 593 3757 atarb
611 3702 747 3758 zwischen
768 3703 836 3757 1490
855 3701 912 3755 und
932 3702 1008 3758 1493.
1048 3704 1133 3758 Anal.
1158 3697 1276 3762 franall,

151 3798 211 3861 457,
224 3796 283 3857 480,
299 3792 359 3855 504,
374 3791 433 3844 511.
538 3790 555 3843 3
574 3789 603 3841 Ρ.
616 3788 758 3844 iohannes
778 3789 813 3842 de
825 3787 896 3842 Lare
915 3789 995 3856 (auch
1008 3790 1043 3846 de
1056 3790 1132 3846 Lara
1149 3791 1203 3845 und
1213 3783 1276 3852 Lohr)

151 3883 246 3938 wurdc
268 3881 336 3934 1455
355 3896 418 3931 zum
437 3881 532 3932 ersten
549 3878 625 3932 male
638 3877 804 3947 provinzial‚
823 3875 919 3932 fdhrte
939 3878 1008 3933 1400
1026 3879 1072 3934 die
1085 3877 1276 3948 strengeolnar·

153 3989 224 4025 vana
242 3970 272 4024 in
290 3967 433 4036 Bambcrg
451 3967 504 4031 ein,
523 3985 582 4020 war
602 3967 669 4021 1468
688 3965 849 4022 commisstr
868 3983 904 4019 an
923 3965 972 4019 der
990 3965 1071 4021 truria
1089 3968 1121 4020 in
1134 3966 1210 4028 Rom,
1228 3959 1275 4018 1411

153 4058 211 4112 und
233 4057 299 4112 1480
316 4056 419 4109 wieder
432 4053 589 4124 provinzial
608 4054 666 4108 und
685 4054 782 4108 leitete
800 4053 872 4107 nach
891 4055 955 4108 dem
968 4053 1034 4109 toda
1053 4053 1102 4108 des
1118 4051 1231 4109 vicarius
1245 4062 1277 4117 gc

155 4146 258 4199 neralis
281 4143 326 4198 die
345 4160 435 4212 ganne
452 4141 599 4212 provincia
618 4143 841 4196 ultramontana.
880 4142 932 4195 Am
951 4141 985 4196 26
1004 4142 1063 4196 Mai
1084 4142 1150 4196 1481
1169 4139 1240 4194 starb
1258 4149 1279 4186 er

156 4232 207 4285 auf
232 4232 282 4285 der
300 4231 370 4285 reise
394 4248 456 4283 zum
478 4228 713 4300 generalkapitel‚
739 4227 856 4282 welches
880 4227 911 4281 in
929 4227 1092 4300 Montlupon
1118 4228 1149 4282 in
1168 4217 1279 4294 Burguntl

157 4319 329 4388 abgehalten
347 4319 449 4374 wurde.
486 4317 573 4371 Anal.
599 4317 686 4371 franc.
709 4317 741 4380 Π,
761 4332 785 4368 a.
805 4333 832 4369 a.
849 4333 874 4371 o.
911 4315 1080 4371 Sulzbacher
1098 4313 1229 4375 kalendar
1248 4308 1281 4388 lit

157 4406 264 4462 kathol.
285 4403 415 4460 Christen
436 4407 503 4463 1884
521 4423 541 4461 s.
561 4407 602 4460 74.
709 4408 725 4457 4
745 4404 856 4462 mortui.
