2842 5070
683 318 725 385 96

131 494 261 558 honeste
283 493 393 571 sorori,
417 493 519 557 doluit
541 492 629 557 ultra
651 492 779 556 modum
802 493 840 557 de
861 493 946 558 facto
970 497 1003 558 et
1024 495 1193 579 cogitabat
1209 493 1277 558 vin·

131 599 235 663 dicare
251 599 333 663 bane
351 620 476 663 noxam.
522 598 564 662 Et
580 598 691 662 statim
706 596 783 662 feeit
798 619 969 682 preparare
985 603 1017 663 et
1032 602 1148 683 aptare
1163 598 1279 664 multas

133 703 239 787 galeas
262 725 333 768 eum
355 702 469 767 multis
484 703 618 767 navibus
634 702 759 786 magnis
782 708 814 766 et
837 704 900 768 alia
921 705 1098 769 necessaria
1121 726 1184 788 pro
1200 703 1282 768 bello

131 813 164 872 et
186 829 245 891 pro
267 808 354 872 victu
385 829 422 872 ae
444 807 581 871 multum
604 807 758 892 populum
789 808 974 874 bellicosum
1005 814 1038 874 et
1060 809 1229 894 navigavit
1251 809 1282 872 in

133 913 260 977 nomine
283 912 403 977 domini
427 916 460 976 et
480 912 570 977 venit
600 912 640 976 ad
663 932 797 995 regnum
821 911 938 998 Cypria
961 920 992 979 et
1015 915 1120 997 primo
1143 915 1283 979 obtinuit

132 1019 294 1083 civitatem
311 1017 409 1081 Misso
425 1020 457 1081 et
472 1017 630 1081 destruxit
647 1039 726 1095 eam,
749 1017 831 1082 sieut
846 1018 940 1084 hodie
955 1024 1099 1103 apparet.
1147 1019 1282 1084 Demum

132 1124 266 1196 intravit
289 1121 425 1186 insulam
448 1122 514 1187 sive
538 1142 673 1206 regnum
696 1125 729 1185 et
758 1121 915 1188 destruxit
937 1124 1055 1189 multas
1078 1123 1229 1189 civitates
1252 1127 1281 1188 et

26 1300 30 1309 ,
132 1234 236 1295 eastra
259 1231 291 1293 et
313 1227 465 1311 spoliavit
486 1231 590 1291 totam
611 1230 731 1293 terram
755 1232 787 1293 et
812 1229 897 1312 oepit
919 1251 1027 1315 regem
1051 1233 1084 1293 et
1106 1227 1187 1295 feeit
1211 1252 1281 1294 eum

75 1419 77 1425 Ι
133 1335 171 1399 ad
195 1355 307 1417 parvas
331 1332 435 1416 pecias
458 1353 576 1397 secare.
621 1331 662 1395 Et
696 1331 741 1397 sie
763 1333 925 1398 vindicata
947 1333 1137 1418 virginitate
1167 1335 1283 1400 sororis

133 1461 274 1506 reversus
296 1443 346 1503 est
369 1460 441 1503 oum
465 1438 582 1522 gaudio
605 1438 642 1502 ad
668 1459 803 1522 regnum
824 1459 918 1504 suum
940 1439 1105 1524 anglicum
1121 1439 1144 1505 ¹.

222 1544 314 1608 Feria
336 1549 443 1623 sexta,
474 1543 523 1607 die
547 1541 697 1629 Veneris,
723 1544 762 1606 12
786 1543 836 1608 die
859 1544 976 1609 mensis
998 1543 1079 1609 Julii
1101 1545 1283 1610 dimisimus

134 1649 265 1734 Ciprum
289 1654 322 1714 et
337 1649 525 1714 divertimus
549 1669 605 1712 nos
627 1648 667 1712 ad
690 1671 778 1713 mare
793 1648 905 1730 altum,
930 1655 962 1715 et
977 1650 1170 1715 intravimus
1188 1649 1280 1728 Gelil,

135 1755 189 1841 qui
213 1757 261 1818 est
284 1755 439 1819 maximus
463 1754 548 1817 inter
571 1752 661 1832 alios,
684 1758 717 1818 et
739 1755 957 1838 navigavimus
979 1777 1088 1820 versus
1111 1755 1209 1834 Jaffa,
1232 1755 1282 1818 ubi

135 1865 184 1924 est
206 1863 317 1943 portus
342 1859 439 1924 maris
463 1864 495 1924 et
517 1863 603 1923 terre
618 1863 734 1924 sauete.
781 1858 823 1924 Et
846 1861 878 1924 in
895 1859 1001 1926 eadem
1017 1864 1111 1925 nocte
1135 1864 1169 1924 et
1192 1881 1283 1923 mane

135 1965 245 2030 sabato
262 1966 349 2030 venit
372 1965 510 2028 maxima
525 1962 666 2044 fortuna,
691 1969 724 2028 et
747 1964 824 2029 faeti
847 1971 923 2029 sunt
946 1966 1037 2050 quasi
1060 1987 1171 2031 omnes
1194 1986 1282 2048 pere·

134 2071 219 2155 grini
243 2071 334 2135 valde
367 2070 486 2134 debiles
518 2074 550 2134 et
572 2069 710 2146 infirmi,
740 2071 792 2133 sed
816 2073 930 2134 ventus
953 2075 1021 2136 erat
1053 2093 1113 2155 pro
1137 2070 1231 2135 nobis
1253 2072 1283 2132 et

135 2177 354 2259 navigavimus
391 2175 598 2240 velocissime.
645 2173 687 2237 Et
719 2179 871 2258 perventa
904 2175 996 2260 galea
1028 2177 1116 2241 ultra
1150 2175 1283 2261 golffum

136 2283 286 2366 apparuit
309 2282 342 2345 in
358 2281 490 2345 sinistra
512 2284 605 2364 parte
621 2279 795 2344 altissimus
810 2302 910 2359 mons,
934 2281 1063 2345 nomine
1078 2279 1281 2365 Nigermons

139 2389 170 2450 et
193 2387 341 2451 dixerunt
365 2388 502 2479 patroni,
527 2386 611 2470 quod
634 2386 667 2450 in
692 2386 749 2451 illo
771 2391 880 2451 monte
903 2387 1055 2452 remansit
1078 2391 1165 2451 stare
1188 2385 1280 2450 archa

138 2489 208 2555 Noe
224 2495 297 2574 post
315 2491 479 2571 diluvium,
504 2492 536 2555 in
562 2514 623 2576 qua
640 2492 708 2574 ipse
724 2493 877 2556 remansit
892 2514 964 2557 eum
978 2496 1100 2575 septem
1117 2493 1281 2556 animabus

137 2600 169 2660 et
191 2597 304 2661 ceteris
327 2596 517 2661 animalibus
530 2596 552 2663 ².
602 2598 736 2661 Domum
768 2599 843 2662 dum
874 2597 1092 2682 navigavimus
1127 2598 1164 2662 de
1189 2596 1279 2680 Cipro

137 2702 214 2765 bene
246 2700 381 2766 ducenta
412 2702 551 2766 miliaria
581 2724 689 2766 versus
720 2706 839 2766 terram
868 2706 1029 2782 sanctam,
1066 2703 1279 2786 apparuerunt

137 2806 228 2870 valde
252 2827 271 2870 a
293 2807 387 2889 longe
411 2806 468 2871 alti
484 2811 618 2886 montes,
642 2809 697 2891 qui
720 2813 795 2872 sunt
819 2809 917 2873 etiam
940 2809 972 2872 in
988 2812 1076 2874 terra
1090 2811 1212 2886 sancta,
1236 2807 1280 2870 sed

138 2935 200 2977 non
224 2933 332 2977 versus
348 2912 542 2977 Iberusalem
567 2915 621 2976 sed
644 2915 678 2977 in
694 2914 826 2977 sinistra
848 2919 956 2997 parte:
980 2918 1132 2979 montane
1149 2911 1278 2977 Carmeli

138 3024 170 3082 et
194 3018 292 3097 elerii,
317 3018 371 3082 ubi
394 3018 554 3083 habitavit
578 3018 735 3102 propheta
758 3019 884 3100 Helias,
915 3043 1011 3105 quem
1033 3020 1111 3085 deus
1134 3020 1168 3083 in
1192 3039 1275 3083 ourru

706 3125 723 3156 'k

210 3175 223 3228 l
243 3174 336 3244 Konig
354 3174 479 3229 Riehard
498 3193 553 3230 von
567 3174 699 3244 England
719 3174 847 3230 eroberte
865 3174 909 3230 die
926 3175 1006 3239 insel,
1025 3175 1088 3231 weil
1108 3176 1158 3230 der
1178 3174 1277 3230 beheri·

138 3263 215 3316 soher
234 3263 393 3329 derselben,
421 3263 518 3328 lsaak,
547 3263 666 3318 sehnbde
686 3262 834 3317 absiohten
861 3263 913 3318 auf
937 3264 1036 3318 dessen
1055 3263 1206 3319 schwester
1229 3258 1275 3314 und

137 3352 222 3404 braut
240 3351 347 3420 plante.
385 3351 420 3407 So
440 3350 633 3422 Conradytlss
653 3368 729 3404 enm.
747 3351 781 3405 46
800 3367 817 3404 a
835 3353 908 3405 naeh
919 3351 1041 3406 Wilken.
1078 3350 1201 3416 endere,
1220 3368 1242 3403 a.
1254 3346 1275 3402 Β.

138 3437 235 3505 ther,
255 3439 373 3510 prern.
402 3437 550 3508 Stuttgart
571 3439 646 3494 1878.
667 3439 713 3503 58,
743 3438 894 3503 Sehlosser,
914 3438 1156 3509 Weltgesehiohte
1175 3439 1208 3503 V,
1226 3434 1275 3496 431,

138 3526 219 3583 Bosio
238 3528 259 3591 Ι,
277 3529 329 3581 422
348 3528 472 3582 weichen
483 3544 536 3582 von
556 3527 646 3582 dieser
661 3524 841 3594 daretellung
859 3527 945 3580 etwas
964 3526 1009 3583 ab.
1081 3528 1098 3580 2
1119 3528 1173 3581 Am
1191 3527 1274 3580 besten

139 3615 295 3686 entsprioht
307 3614 410 3669 diesem
428 3614 514 3684 berge
533 3614 582 3670 der
601 3615 667 3684 lage
686 3613 743 3668 und
762 3614 811 3668 der
830 3615 902 3669 hehe
920 3616 993 3669 naeh
1010 3614 1061 3670 der
1074 3615 1213 3678 Libanon,
1231 3609 1276 3666 und

139 3704 188 3758 ihn
207 3702 433 3758 hatteWalther
446 3704 517 3758 auch
530 3703 619 3758 sicher
637 3704 675 3757 im
696 3720 775 3772 auge,
794 3703 915 3759 obsehon
933 3703 978 3758 ioh
996 3703 1051 3758 den
1062 3720 1166 3758 namen
1187 3700 1275 3769 »Niger

140 3811 234 3849 mons«
255 3793 334 3847 nieht
353 3791 400 3845 fiir
418 3792 471 3875 ihm
487 3792 580 3846 finden
599 3792 713 3856 konnte,
733 3791 789 3846 und
810 3791 938 3847 Libanon
957 3791 1007 3845 das
1026 3791 1133 3862 gerade
1146 3783 1275 3860 gegenteil

139 3881 263 3935 n‘amlioh
292 3879 411 3935 ›vveiller
435 3880 520 3949 berg«
550 3879 691 3934 bedentet.
728 3880 809 3936 Naoh
829 3882 897 3936 Lud.
918 3900 944 3936 v.
963 3880 1048 3936 Sudh.
1069 3882 1121 3936 102
1148 3875 1214 3935 hiess
1240 3875 1276 3930 der

139 3987 206 4038 aug,
231 3968 350 4024 weleher
368 3968 427 4022 sich
446 3984 510 4024 vom
529 3967 657 4024 Libanon
676 3985 768 4038 gagen
789 3968 940 4025 Antiochia
958 3968 1111 4029 erstreokt,
1140 3968 1275 4023 »montane

140 4057 248 4126 nigra«.
285 4057 323 4109 Er
341 4057 429 4110 findet
454 4056 484 4112 in
511 4056 560 4110 der
579 4056 651 4110 nahe
677 4057 724 4110 des
744 4056 871 4112 Libanon
890 4057 940 4111 das
959 4056 1023 4110 sehr
1042 4054 1211 4112 fruchtbare
1227 4046 1275 4107 thal

142 4144 241 4211 Bokar,
262 4162 349 4214 »quae
368 4164 443 4201 nuno
461 4145 547 4201 etiam
565 4143 698 4214 planities
716 4143 777 4199 Noe
796 4145 923 4199 vocatur.
959 4142 1036 4198 Nam
1055 4142 1119 4199 Noe
1137 4145 1202 4213 post
1218 4138 1274 4195 dilu-

142 4232 218 4286 vium
237 4233 342 4287 ibidem
369 4232 537 4288 habitavit«
575 4231 655 4286 Naoh
675 4231 756 4285 Harff
776 4232 824 4285 198
852 4233 933 4286 hatte
951 4230 1035 4286 Noah
1062 4229 1110 4286 die
1137 4230 1218 4285 arche
1242 4239 1274 4280 am

142 4319 270 4374 Libanon
289 4321 440 4390 gelertigt‚
466 4322 524 4376 und
543 4321 616 4375 naeh
635 4318 717 4389 Sepp,
736 4319 791 4373 Jer.
812 4320 832 4386 1,
852 4321 904 4374 594
922 4320 991 4374 land
1010 4317 1070 4373 sich
1088 4319 1142 4373 das
1161 4308 1275 4389 grabriel

141 4406 237 4463 Noabs
260 4427 294 4462 au
315 4410 408 4465 Kerak
427 4427 473 4464 am
493 4409 629 4464 Libanon.
