2842 5070
682 312 746 381 226

135 491 277 561 civitatis
291 499 376 560 stare
393 493 563 579 aliquando
587 495 618 558 in
641 516 703 559 uno
719 492 788 559 loco
805 495 997 579 quingentos
1013 513 1110 578 equos
1127 496 1160 556 et
1175 492 1281 572 mulos,

137 605 168 665 et
190 601 225 663 in
248 601 410 664 nonnullis
434 601 510 664 locis
533 621 586 663 sex
609 604 727 677 centos,
751 600 784 662 in
808 599 968 682 aliquibus
990 620 1065 663 vero
1089 598 1208 681 plures,
1232 598 1282 681 qui

135 706 178 768 ibi
202 711 353 770 tenentur
376 711 408 771 et
432 708 631 788 exspectant,
656 725 820 788 quousque
835 705 951 788 aliquis
967 704 1160 768 manululrus
1183 704 1282 786 perdit

134 832 250 894 equum
273 833 382 887 suum;
417 816 494 874 tunc
527 811 588 874 sibi
613 810 704 894 eligit
728 810 836 874 alium.
883 810 925 894 Et
947 831 1004 873 nos
1027 809 1165 872 vidimus
1189 831 1282 872 unurn

134 915 296 980 cumulum
319 917 384 980 sive
406 915 569 980 stabulum
593 936 747 999 equorum
768 916 995 998 predictorum.
1044 912 1126 978 Sunt
1149 913 1184 976 in
1208 913 1282 976 eivi-

134 1023 200 1084 tate
216 1020 360 1104 Alhayro
384 1021 526 1104 quinque
548 1019 637 1084 milia
661 1019 773 1084 cameli
796 1021 952 1099 conducti,
977 1020 1032 1104 qui
1054 1019 1142 1084 omni
1166 1019 1216 1083 die
1240 1023 1283 1081 te-

134 1130 252 1190 nentur
275 1130 403 1209 portare
427 1148 543 1210 aquarn
565 1127 603 1189 de
619 1124 707 1209 Nylo
729 1127 767 1189 ad
791 1127 1024 1208 aspergendum
1046 1125 1170 1207 plateas
1194 1128 1283 1187 nota-

134 1230 280 1309 biliores,
312 1253 351 1294 ne
375 1232 521 1314 pulveres
543 1231 688 1295 homines
712 1236 743 1294 et
765 1230 971 1295 mercimonia
991 1230 1180 1307 molestent,
1213 1229 1283 1312 quia

134 1336 240 1419 platee
271 1358 335 1401 non
358 1343 433 1400 sunt
454 1342 598 1415 murate,
630 1342 662 1399 et
684 1357 757 1400 raro
788 1341 837 1399 est
859 1336 969 1419 pluvia
991 1336 1119 1399 ibidem.
1167 1335 1209 1397 Et
1232 1332 1283 1396 alii

133 1441 381 1505 innumerabiles
405 1443 516 1506 cameli
552 1442 702 1520 atesim,
739 1447 905 1524 portantes
928 1441 1079 1505 continue
1108 1462 1226 1524 aquam
1248 1440 1281 1502 de

133 1544 210 1610 Nilo
228 1568 286 1629 pro
301 1567 361 1610 usu
373 1546 546 1625 hominurn,
564 1546 638 1629 quia
654 1546 698 1609 ibi
715 1566 779 1609 non
796 1550 871 1608 sunt
881 1545 1018 1609 cisterna
1029 1566 1133 1629 neque
1147 1545 1249 1608 fontes
1263 1543 1280 1607 ¹.

133 1649 215 1714 Sunt
237 1651 334 1715 etiam
356 1651 390 1714 in
414 1652 519 1715 eadem
544 1651 673 1714 civitate
696 1647 864 1734 sexaginta
886 1635 977 1714 milia
1000 1652 1125 1734 platee,
1154 1657 1187 1715 et
1211 1673 1279 1734 que-

48 1803 51 1808 ·
132 1756 214 1820 libet
236 1777 296 1839 pro
318 1778 350 1819 se
367 1759 490 1820 seratur
505 1762 614 1832 nocte3
639 1760 670 1820 et
694 1756 726 1819 in
743 1756 887 1840 qualibet
909 1779 973 1820 una
987 1777 1113 1820 muscea
1135 1757 1158 1820 i.
1181 1779 1206 1819 e.
1230 1778 1280 1838 pa·

134 1860 242 1925 rochia
265 1882 338 1925 curn
359 1863 447 1924 turre
469 1862 602 1925 solemni
617 1845 645 1924 a·
688 1860 747 1925 Sed
772 1861 831 1925 hoc
846 1862 972 1926 videtur
994 1861 1075 1926 mihi
1096 1863 1189 1926 valde
1211 1882 1278 1925 con·

134 1964 287 2029 veniens³
310 1972 343 2029 et
365 1966 425 2031 hoc
448 1968 571 2031 ratione
603 1990 641 2032 ex
670 1989 736 2032 me:
767 1990 839 2031 nam
864 1970 964 2031 totam
988 1967 1153 2031 civitatem
1177 1966 1278 2050 perlu-

134 2072 233 2136 strawl
249 2072 282 2135 in
296 2078 413 2151 monte,
431 2077 463 2136 et
477 2075 596 2137 tacitus
609 2074 692 2156 apud
708 2095 758 2136 me
774 2073 938 2137 numeravi
955 2077 1060 2136 turres
1074 2095 1279 2150 muscearum,

134 2183 166 2240 et
188 2199 252 2241 non
276 2177 383 2241 inveni
406 2181 532 2242 tantum
549 2201 726 2243 numerum.
773 2178 815 2242 Et
831 2179 976 2242 dominus
992 2199 1166 2262 generosus
1182 2177 1279 2242 Smas·

134 2304 218 2347 mam
250 2283 288 2347 de
311 2282 496 2365 Rapelstein
526 2283 604 2348 feeit
626 2305 723 2347 unum
755 2284 793 2347 de
824 2284 888 2347 suis
917 2283 964 2347 ire
995 2288 1069 2366 post
1092 2284 1279 2347 drutzsthel·

133 2410 295 2467 mannum,
320 2388 376 2472 qui
401 2389 566 2472 equitavit,
591 2393 622 2451 91
646 2410 813 2452 numerare
837 2409 946 2470 passus
971 2410 1028 2470 per
1051 2389 1279 2472 longitudinem

133 2493 281 2569 civitatib,
305 2499 337 2556 91
352 2494 485 2574 invenit,
508 2495 590 2557 sicut
611 2495 644 2557 in
659 2495 796 2558 veritate
812 2494 902 2572 dixit,
926 2493 1030 2558 solum
1044 2496 1183 2560 sedecim
1200 2495 1278 2558 rnilia

133 2603 164 2661 et
188 2597 438 2682 quadringentos
461 2600 626 2682 sexaginta
650 2605 788 2683 quatuor
809 2620 920 2681 passus
944 2604 977 2662 91
998 2621 1056 2682 per
1080 2599 1276 2665 latitudinem

132 2703 294 2766 duodecim
328 2703 418 2766 milia
451 2706 483 2767 et
515 2704 666 2767 ducentos
700 2723 811 2787 passus
826 2700 848 2766 ⁴.
895 2701 980 2786 Ergo
1003 2703 1195 2769 incredibile
1229 2709 1275 2780 est,

701 2835 720 2870 11·

132 2911 177 2966 (119
195 2909 287 2966 Juden
305 2911 363 2965 und
383 2911 510 2966 Christen
528 2914 611 2966 unter
630 2911 768 2980 Kait-Bey
797 2928 870 2980 gana
888 2911 1062 2968 besondcren
1081 2927 1273 2980 erpressunger

134 3001 294 3068 ausgesetat
312 3014 414 3052 waren.
437 2986 515 3067 'Vgl
537 2998 779 3067 librigenss.115
800 3015 873 3053 anm.
894 2999 919 3052 2.

204 3089 216 3140 l
237 3085 327 3140 Ghist.
344 3086 393 3140 135
413 3086 556 3155 giebtsdie
568 3087 633 3141 zahl
653 3086 703 3140 der
716 3087 977 3155 wassertragenden
989 3085 1103 3140 hamele
1123 3086 1176 3140 auf
1188 3084 1272 3144 10000,

132 3173 213 3227 Harff
231 3176 264 3227 93
283 3176 334 3229 auf
351 3175 443 3229 20000
463 3191 507 3228 arr.
544 3175 624 3228 Nach
643 3173 726 3227 Fabri
746 3174 798 3239 ΙΙΙ,
819 3175 868 3227 102
888 3176 991 3242 trugen
1010 3174 1080 3229 8000
1099 3174 1210 3228 hamele
1227 3171 1271 3226 und

132 3261 282 3330 unz‘a'hlige
301 3263 356 3316 esel
369 3278 470 3316 wasser
488 3279 551 3314 zum
564 3262 723 3329 gebrauche
743 3261 792 3324 der
808 3262 956 3315 menschen
975 3261 1032 3315 und
1046 3263 1118 3318 noch
1132 3262 1188 3316 viel
1207 3262 1270 3315 mehr

131 3350 243 3403 hamele
261 3368 324 3403 num
342 3350 500 3418 bespritzen
519 3349 568 3403 der
587 3349 710 3404 strallen.
818 3351 834 3402 2
853 3348 937 3402 Fabri
950 3348 998 3414 ΠΙ,
1020 3350 1062 3414 81,
1080 3349 1131 3403 (191
1149 3351 1180 3403 in
1197 3351 1270 3413 bezug

134 3437 185 3489 anf
201 3436 246 3491 die
264 3437 411 3491 moscheen
439 3438 484 3492 die
511 3438 618 3506 gleiche
646 3437 710 3490 zahl
730 3438 862 3506 angiebt,
890 3440 969 3505 sagt,
998 3437 1062 3490 dass
1079 3437 1174 3495 daron
1193 3436 1270 3490 21000

134 3525 295 3578 ›moscheae
309 3524 499 3594 parochiales«
519 3541 623 3579 waren.
659 3523 738 3578 Harii
760 3525 809 3578 100
829 3525 907 3593 giebt
926 3524 969 3578 (119
987 3525 1050 3577 zahl
1070 3525 1120 3580 der
1139 3526 1268 3580 moscheen

132 3613 184 3667 auf
199 3613 299 3675 36000,
319 3611 409 3667 Ghist.
430 3613 480 3666 154
499 3613 550 3666 auf
567 3614 705 3681 ungefahr
726 3613 820 3667 10000
839 3631 884 3668 an.
968 3615 984 3666 3
1003 3613 1079 3666 Muss
1098 3613 1222 3669 offenbar
1237 3612 1268 3663 in·

131 3701 297 3755 conveniens
315 3699 425 3755 heillen.
531 3703 548 3754 4
576 3701 701 3755 Hienach
727 3702 847 3770 betrtige
874 3701 919 3754 die
937 3702 1022 3770 lange
1042 3701 1090 3755 (191
1109 3701 1202 3764 stadt,
1228 3700 1268 3752 der

131 3788 233 3842 schritt
251 3807 285 3841 zu
304 3789 348 3852 0,8
361 3807 389 3841 m
402 3789 560 3857 gerechnet‚
580 3793 667 3843 etwas
686 3790 754 3843 iiber
769 3790 799 3843 13
818 3789 875 3842 und
888 3789 973 3843 deren
987 3789 1076 3844 breite
1088 3790 1149 3843 fast
1170 3786 1267 3842 101119-

131 3878 228 3930 meter.
265 3875 464 3946 Gegenwbrtig
483 3877 598 3945 betrbgt
615 3877 661 3930 die
680 3877 765 3944 l’a‘rrge
783 3876 944 3941 derselben‚
964 3876 1026 3931 (1.1.
1047 3876 1091 3930 die
1113 3879 1267 3937 entiernung

131 3962 179 4017 des
197 3963 287 4019 ndrdl.
306 3963 407 4027 thores‚
426 3965 482 4019 bah
501 3965 654 4034 Huseniye,
675 3983 738 4020 vom
757 3965 836 4028 sudl,
856 3966 913 4019 bab
933 3964 1006 4020 Sitte
1025 3966 1128 4030 Zenab,
1146 3961 1265 4034 ungefalr

133 4050 311 4106 Shilometer
330 4052 387 4105 und
405 4052 467 4107 ihre
480 4051 579 4121 grbsste
592 4052 681 4106 breite
700 4053 745 4107 die
758 4053 856 4107 h'alfte.
896 4054 936 4106 lJa
955 4071 1013 4106 nun
1026 4054 1123 4107 frither
1142 4054 1186 4107 die
1203 4048 1264 4105 stadt

132 4139 204 4192 nach
232 4141 277 4193 ost
295 4139 352 4192 und
375 4141 443 4193 west
471 4139 516 4192 die
535 4138 662 4207 gleichen
681 4156 801 4207 grenzen
819 4139 898 4208 wiej
918 4142 960 4192 tat
978 4139 1129 4208 (Citadelle
1148 4139 1203 4192 und
1220 4131 1263 4200 Nil)

131 4225 226 4292 hatte,
254 4245 283 4284 so
309 4229 346 4281 ist
372 4229 443 4285 auch
462 4227 535 4281 diese
554 4226 665 4295 angabe
683 4227 746 4280 sehr
766 4227 959 4291 iibertrieben,
987 4227 1032 4280 die
1051 4228 1136 4296 lange
1154 4228 1262 4295 dagegen

131 4313 227 4368 wdrde
246 4316 393 4379 stimmem
413 4332 493 4369 wenn
511 4332 579 4368 man
598 4313 642 4367 die
663 4315 742 4368 stadt
761 4333 816 4371 von
835 4315 1015 4384 elMetariye
1035 4333 1072 4369 an
1092 4317 1214 4375 rechnet,
1235 4308 1262 4360 dt

131 4401 203 4453 nach
221 4402 306 4457 Fabri
324 4405 373 4469 III,
394 4405 440 4457 19:
461 4422 495 4458 »a
514 4403 633 4457 Busiris«
655 4403 693 4472 (d.
712 4403 730 4456 i.
750 4405 901 4475 Matariye)
921 4420 1025 4473 »usque
1043 4402 1157 4457 Gairum
1171 4400 1261 4456 videtu
