2842 5070
766 292 829 355 310

219 465 268 529 vel
292 465 558 532 mendicationem
582 468 699 531 habere
722 471 865 550 possunt,
890 469 942 532 sed
966 469 1074 532 omnia
1097 490 1155 550 per
1170 468 1290 531 amieos
1312 469 1375 550 spi·

220 570 353 634 rituales
386 575 479 635 etex
505 573 684 637 elemosinis
708 573 873 656 providere
897 575 1033 656 oportet.
1078 574 1124 638 Et
1157 595 1216 656 pro
1241 572 1376 636 616632

220 675 432 758 ampularum,
457 682 488 740 61
505 699 562 759 pro
579 699 651 742 cera
674 679 713 742 ad
728 677 872 760 singulas
889 679 1035 743 ccclesias
1060 701 1119 762 pro
1134 679 1244 742 divino
1260 677 1375 752 officio,

220 786 252 844 61
275 801 333 863 pro
357 781 474 863 pabulo
491 783 588 845 trium
606 783 768 846 asinorum
792 788 824 846 61
847 805 905 865 pro
929 783 1037 868 lignis,
1062 806 1123 868 quc
1145 788 1222 847 sunt
1246 783 1280 845 in
1304 803 1376 845 caro

219 885 299 952 foro.
341 884 367 949 Ο
392 888 462 969 quis
478 889 654 969 ponderare
678 892 794 970 posset,
818 893 937 972 quanta
954 889 1179 972 expenduntur
1195 885 1378 951 Sarracenis

220 1012 278 1074 pro
302 991 426 1056 tributo
449 993 591 1070 annuali,
616 997 648 1055 et
671 1014 729 1075 pro
752 993 897 1075 propinis
921 993 1082 1057 continuis
1103 991 1297 1057 officialibus
1321 1012 1377 1073 pro

221 1094 404 1160 defensione
428 1097 567 1162 fratrum
593 1102 658 1161 tam
684 1098 717 1161 in
732 1097 866 1180 pecnnia
890 1119 984 1181 quam
1009 1097 1041 1161 in
1059 1096 1318 1175 comestionibus,
1342 1095 1378 1159 de

221 1201 335 1284 quibus
358 1222 421 1265 non
445 1206 493 1266 est
513 1205 681 1266 numerus!
713 1200 787 1266 Non
804 1203 888 1266 enim
912 1207 960 1266 est
983 1202 1059 1279 dies,
1084 1203 1118 1266 in
1142 1223 1205 1285 quo
1230 1223 1294 1265 non
1319 1200 1377 1264 ali·

222 1306 275 1390 qui
293 1307 436 1386 veniunt,
459 1308 523 1371 iam
549 1329 640 1386 unus,
664 1328 732 1371 cras
756 1308 828 1388 duo,
852 1307 1023 1392 aliquando
1048 1314 1122 1387 tres,
1146 1328 1377 1390 nonnunquam

221 1432 274 1473 sex
296 1411 347 1475 vel
370 1412 487 1493 decem,
512 1414 567 1497 qui
591 1413 704 1478 volunt
727 1413 844 1476 babere
866 1414 1030 1478 comedere
1053 1417 1086 1478 61
1109 1412 1237 1490 bibere,
1262 1412 1377 1496 quibus

221 1537 278 1580 nec
312 1522 422 1599 patres
456 1519 573 1583 audent
608 1539 734 1601 negare.
781 1515 807 1582 Ο
836 1523 957 1601 quanta
990 1540 1138 1602 pressura
1161 1521 1291 1601 patrum
1326 1538 1378 1580 seu

220 1619 374 1685 fratrum!
422 1622 463 1686 Et
486 1625 557 1707 quis
581 1625 689 1689 audiet
711 1624 786 1702 hec,
820 1627 852 1687 et
875 1645 938 1688 non
961 1628 1146 1688 comovetur
1170 1643 1226 1687 cor
1250 1622 1376 1686 eiusad

221 1727 493 1809 compassionem?
518 1778 525 1793 .
549 1781 556 1795 .
582 1779 590 1792 .
635 1726 662 1793 0
686 1729 777 1792 beata
800 1729 972 1812 patientia,
1003 1728 1266 1812 qua'necessaria
1290 1748 1322 1790 es
1345 1728 1374 1790 in

223 1831 284 1894 hiis
306 1833 462 1914 pressuris
496 1837 528 1898 61
552 1834 832 1916 tribulationibus,
863 1855 920 1916 per
942 1839 975 1898 te
999 1833 1083 1897 enim
1107 1833 1243 1897 stabunt
1273 1832 1375 1896 vexati

223 1942 255 2000 61
278 1939 395 2020 pressi,
431 1940 680 2021 perseverabunt
720 1938 867 2003 tribulati
902 1943 934 2002 et
968 1938 1129 2022 perpessi,
1161 1960 1222 2021 per
1253 1942 1286 2000 16
1309 1958 1374 2001 cum

221 2042 337 2106 mentis
357 2043 477 2126 pietate
494 2046 580 2129 capti
597 2050 629 2109 et
644 2044 773 2128 spoliati
792 2049 987 2127 exspectant,
1012 2065 1176 2128 quousque
1193 2044 1271 2107 deus
1287 2043 1374 2106 fortis

225 2152 256 2211 et
279 2149 406 2213 adiutor
429 2155 542 2232 potens
566 2151 741 2215 decreverit
764 2154 893 2234 peccata
919 2148 1176 2213 Christianorum
1199 2149 1372 2212 misericor·

223 2253 306 2317 diter
330 2254 516 2338 indulgere,
547 2261 580 2320 et
604 2262 723 2321 terram
753 2278 788 2320 ao
812 2255 976 2320 civitatem
999 2258 1143 2319 sanctam
1166 2254 1270 2318 cultui
1293 2254 1370 2319 cbri-

223 2360 328 2424 stiano
352 2361 520 2425 restituere
534 2359 561 2426 ¹!

294 2535 306 2588 l
327 2532 394 2587 Hier
412 2533 485 2602 folgt
505 2535 575 2590 noch
594 2535 638 2589 ein
656 2476 851 2602 inbrdnstiges
869 2533 953 2602 gebet
973 2550 1020 2586 nm
1034 2531 1313 2602 wiedergewinnung
1330 2531 1369 2584 des

221 2620 258 2672 hl.
270 2618 367 2673 landes
386 2619 473 2674 durch
492 2621 537 2676 die
547 2621 685 2675 Christen.
723 2621 753 2674 P.
767 2622 818 2676 367
833 2618 953 2688 beginnt
972 2619 1020 2673 der
1034 2619 1050 2672 8
1063 2620 1173 2674 tractat
1192 2620 1264 2688 (vgl.
1276 2637 1296 2673 s.
1306 2618 1367 2687 268),

223 2725 277 2763 von
295 2708 427 2762 walchem
447 2726 501 2761 nur
520 2708 565 2763 die
584 2707 788 2762 iiberschriften
807 2707 866 2760 bier
885 2706 946 2760 eine
966 2707 1049 2760 stelle
1068 2705 1162 2761 finden
1183 2712 1301 2776 mdgen,
1328 2723 1366 2758 um

222 2794 432 2864 einigermassen
461 2796 523 2851 eine
550 2796 715 2865 andeutung
745 2796 813 2849 iiber
840 2794 894 2848 den
920 2794 1110 2849 bebandelten
1140 2793 1317 2864 gegenstand
1339 2810 1367 2845 ru

225 2882 329 2952 geben:
350 2883 400 2938 »de
413 2884 640 2949 Turacomannis,
659 2884 694 2938 de
708 2882 850 2952 Byduinis,
870 2883 903 2936 de
916 2882 1023 2936 miseris
1035 2881 1205 2947 hominibus,
1224 2881 1274 2951 qui
1287 2883 1366 2951 legem

222 2972 362 3027 occultam
380 2972 500 3034 habent,
526 2972 560 3026 de
581 2971 718 3027 Assasinis
737 2973 876 3026 eteorum
896 2969 1117 3034 conditionibus,
1147 2970 1183 3024 de
1201 2968 1365 3024 mirabilibus

222 3062 251 3114 61
269 3060 303 3113 (16
315 3059 463 3128 scriptura
483 3059 597 3128 Dydimi
616 3060 653 3114 ad
672 3076 766 3128 regem
786 3057 976 3112 Alexandrum
995 3059 1033 3126 (p.
1054 3059 1106 3112 369
1122 3056 1162 3110 bis
1183 3056 1255 3125 374),
1277 3058 1309 3111 (16
1326 3071 1365 3108 va·

222 3146 270 3200 riis
289 3147 496 3202 conditionibus
519 3149 547 3201 61
566 3145 743 3201 mirabilibus
762 3146 923 3210 hominum,
952 3145 1079 3213 sequitur
1097 3162 1172 3198 nuno
1190 3145 1225 3200 de
1244 3141 1365 3204 Tartaris,

223 3235 257 3289 de
275 3252 368 3290 errore
387 3235 579 3300 Tartarornm‚
599 3234 633 3288 de
654 3233 782 3298 Rraxitis,
802 3233 835 3287 de
854 3233 931 3287 exitu
950 3232 1150 3296 Tartarorum,
1178 3233 1212 3288 de
1231 3247 1365 3302 progressu

223 3325 406 3379 'facturorum
432 3325 462 3378 et
479 3323 617 3392 quomodo
637 3322 862 3392 subjugaverunt
890 3320 929 3375 eis
958 3319 1050 3374 multa
1080 3337 1170 3389 regna
1198 3323 1227 3375 et
1255 3320 1364 3374 finaliter

223 3410 292 3465 facti
311 3414 377 3465 sunt
396 3410 552 3474 sarraceni,
571 3410 605 3464 de
623 3409 793 3478 imperatore
807 3408 1000 3471 Tartarorum,
1020 3423 1126 3476 magno
1139 3406 1227 3471 Chan,
1247 3406 1363 3463 decuriis

223 3499 391 3565 hominibus,
410 3500 483 3569 qnod
502 3500 584 3554 sonat
602 3498 677 3552 idem
695 3497 769 3566 quod
783 3497 870 3566 lupi«
908 3495 939 3549 P.
952 3494 1005 3550 380
1020 3495 1062 3549 bis
1074 3495 1126 3550 386
1139 3495 1238 3564 bringt
1248 3494 1363 3549 Walther

223 3589 276 3641 den
295 3589 489 3656 sogenannten
515 3585 589 3640 brief
615 3585 729 3654 »magni
757 3584 831 3654 regis
850 3583 988 3640 Johannis
1015 3583 1197 3653 presbyteri«.
1236 3583 1288 3637 Der
1313 3583 1362 3637 tert

223 3674 366 3728 Walthers
386 3675 496 3728 stimmt
526 3691 572 3727 am
596 3673 714 3727 meisten
742 3673 795 3726 mit
827 3672 876 3725 der
895 3688 950 3727 von
969 3669 1092 3725 Zarncke
1110 3670 1197 3741 (siebe
1215 3668 1362 3727 obeundi

224 3781 299 3817 anm.
317 3763 343 3832 4)
364 3763 405 3815 als
424 3759 628 3830 interpolation
647 3759 883 3814 Dbezeichneten
895 3759 1008 3823 leseart,
1030 3758 1081 3812 wie
1093 3759 1169 3814 wohl
1190 3775 1219 3813 er
1238 3759 1306 3814 auch
1322 3772 1362 3810 aas

223 3850 278 3904 den
297 3850 419 3904 anderen
443 3849 683 3918 interpolationen
704 3847 842 3903 mehreres
862 3848 983 3912 euthalt,
1003 3846 1137 3902 wahrcnd
1157 3863 1206 3900 ans
1225 3847 1273 3900 der
1289 3846 1362 3899 inter·

223 3938 350 4007 polation
370 3939 392 3990 D
413 3937 518 4006 einiges
537 3937 617 3991 fehlt.
656 3938 716 3991 Von
734 3954 760 4005 p.
780 3937 832 3991 386
851 3936 894 3989 bis
913 3953 976 3988 zum
997 3935 1118 3990 schlusse
1146 3934 1210 3988 sind
1237 3935 1274 3988 im
1292 3932 1362 3988 codex

224 4028 295 4082 noch
315 4027 446 4095 folgende
465 4026 690 4104 abhandlungen
718 4025 883 4080 enthalten:
915 4026 970 4079 »De
989 4021 1169 4078 mirabilibus
1186 4021 1325 4076 fluminum
1340 4020 1363 4072 et

223 4115 373 4178 montium,
400 4114 435 4167 de
454 4113 569 4167 diversis
589 4114 734 4169 arboribus
758 4116 787 4167 et
814 4113 957 4168 radicibus
986 4115 1071 4182 atque
1094 4110 1234 4166 fructibus
1261 4105 1362 4176 deipsis

224 4203 414 4268 nascentibus,
443 4202 477 4255 de
496 4202 581 4256 variis
600 4200 777 4256 mirabilibus
798 4200 981 4265 animalium,
1011 4198 1152 4255 denariis
1183 4199 1317 4268 speciebus
1340 4195 1363 4248 et

224 4290 371 4358 generibus
390 4292 559 4358 serpentum,
579 4289 613 4343 de
632 4289 718 4343 variis
736 4289 916 4343 mirabilibus
935 4288 1080 4343 autumet
1099 4287 1232 4357 piscium,
1257 4285 1289 4340 de
1306 4281 1363 4352 lupi·

224 4378 304 4431 dibus
322 4379 452 4445 pretiosis
471 4380 499 4431 et
518 4394 615 4433 eorum
635 4376 804 4441 virtutibus,
832 4376 866 4430 de
884 4375 1062 4431 conclusione
1087 4374 1173 4444 hujus
1191 4375 1325 4429 tractatus
1340 4370 1364 4423 61
