2842 5070
690 371 731 436 10

135 543 221 608 mine
253 543 347 608 Ihesu
381 543 521 610 Christe!
573 544 668 610 Nunc
699 546 800 610 instat
831 546 910 610 hora
943 549 1149 615 executionis.
1195 548 1282 632 Rogo

135 653 184 724 te,
212 649 313 733 dirige
348 651 512 734 negotium
545 652 716 729 secuudum
749 655 836 715 tuam
860 651 1059 744 voluntatem
1092 655 1281 734 1111111111,

135 755 174 818 da
196 754 275 817 mihi
299 756 511 820 constantiam
542 760 574 820 et
596 756 864 840 perseverantiam
896 757 929 820 in
957 761 1014 822 tuo
1036 757 1216 836 famulatu:
1249 766 1282 825 tu

135 859 218 922 enim
251 861 353 939 nosti,
388 883 449 945 que
483 866 537 926 tue
569 862 671 926 laudis
700 865 775 925 suut
804 866 836 926 et
867 884 934 926 mee
964 862 1094 939 salutis:
1131 865 1282 950 quidquid

135 967 242 1027 tamen
275 965 450 1030 decreveris
473 965 560 1045 fieri,
583 965 668 1030 fies«
717 964 757 1029 at
780 969 943 1049 assumpta
965 966 1076 1032 littera
1096 970 1280 1052 apostolica,

134 1069 223 1132 cuius
255 1072 346 1134 tenor
377 1071 416 1134 de
439 1071 535 1135 verbo
568 1071 762 1135 adverbum
793 1072 939 1155 superius
961 1077 1010 1137 est
1032 1078 1138 1154 tacta,
1170 1075 1281 1140 accessi

134 1171 377 1253 diffinitorium,
406 1174 554 1240 fiduciam
585 1174 704 1238 habens
734 1175 767 1238 in
791 1174 918 1239 domino
942 1174 1054 1256 lhesu‚
1087 1184 1122 1243 et
1154 1180 1280 1263 genicu-

135 1277 249 1357 lando,
273 1282 309 1342 ut
332 1279 431 1357 decet,
455 1283 636 1343 reverenter
659 1279 763 1343 obtuli
786 1280 908 1345 dicens:
941 1279 1148 1349 »Reverendo
1178 1284 1278 1363 Pater,

134 1383 296 1468 ceterique
327 1384 524 1449 venerabiles
552 1383 679 1449 Patres!
731 1383 825 1448 Prius
853 1406 916 1449 non
948 1388 1133 1453 attendistis
1164 1390 1279 1455 licitam

134 1509 235 1552 meam
259 1489 464 1572 petitionem:
496 1489 588 1553 modo
618 1490 789 1553 secundum
813 1493 953 1554 tenorem
976 1489 1064 1555 illius
1087 1494 1195 1576 gratie
1217 1517 1277 1558 am·

133 1592 219 1676 plius
249 1615 312 1657 non
345 1617 415 1658 sum
448 1595 506 1659 sub
541 1594 698 1679 regimine
731 1598 763 1659 et
796 1595 979 1659 obedientia
1009 1602 1125 1663 vestra.
1179 1599 1278 1676 Quare

133 1698 326 1780 provideatis
370 1699 447 1763 mihi
492 1701 717 1785 presidentiam
757 1701 965 1785 assignatam,
1005 1701 1082 1784 quia
1113 1724 1178 1767 nou
1218 1725 1277 1767 ma·

134 1804 247 1868 nebo«
288 1803 434 1870 Vicarius
457 1827 531 1870 vero
560 1806 666 1870 renuit
689 1805 832 1889 accipere
854 1805 997 1870 litteram
1020 1810 1054 1870 et
1077 1806 1176 1873 dixit:
1202 1807 1278 1872 >Vos

134 1930 196 1973 nou
221 1908 321 1988 datis,
351 1909 433 1974 sieut
456 1910 606 1974 debetis«
654 1909 723 1995 Ego
746 1910 827 1975 dixi:
862 1908 915 1974 »si
945 1911 1051 1996 placet
1076 1911 1183 1992 vobis,
1214 1913 1277 1977 volo

133 2015 287 2080 adducere
310 2016 474 2100 publicum
498 2017 660 2080 notarium
683 2039 753 2081 cum
776 2016 930 2080 testibus«
957 2020 989 2080 et
1004 2016 1171 2082 subiunxi:
1197 2017 1276 2101 »Ego

133 2119 238 2184 obtuli
255 2143 324 2185 eam
341 2127 531 2201 reverenter,
555 2123 637 2186 sicut
663 2120 711 2206 [p.
729 2123 763 2205 5]
788 2123 886 2202 decet,
909 2127 941 2186 et
957 2143 1022 2186 non
1038 2121 1155 2199 vultis:
1179 2145 1275 2187 111111

134 2246 193 2308 ego
217 2225 309 2292 feei<
355 2226 495 2291 Tandem
520 2232 716 2311 receperunt,
748 2230 781 2290 et
803 2249 852 2291 me
875 2227 963 2291 abire
985 2226 1142 2293 iecerunt.
1187 2225 1277 2291 Lecta

133 2328 243 2394 littera
264 2330 423 2396 vocatus1
446 2333 595 2396 dixerunt
625 2353 695 2396 eum
718 2332 826 2396 furore
849 2336 882 2395 et
904 2331 1129 2414 indignatione
1151 2354 1276 2418 magna:

137 2433 222 2498 »Vos
245 2437 413 2520 decepistis
436 2459 503 2518 uos,
527 2442 559 2502 et
574 2437 694 2503 fecistis
714 2441 826 2502 eontra
841 2441 996 2516 statuta«,
1019 2437 1181 2503 minantes
1204 2438 1273 2502 mihi

135 2539 235 2604 multa
258 2545 291 2605 et
313 2562 429 2626 magna
452 2543 565 2622 facere,
601 2548 633 2606 et
656 2542 822 2606 dixerunt:
854 2540 998 2606 »Littera
1019 2545 1126 2607 vestra
1148 2565 1212 2608 non
1234 2547 1275 2606 est

134 2644 327 2726 sufficiens«,
351 2651 559 2731 apportantes
575 2647 675 2712 libros
691 2647 780 2726 iuris,
795 2647 936 2712 volentes
952 2646 1032 2711 mihi
1049 2649 1191 2731 gratiam
1206 2669 1273 2731 apo·

133 2750 278 2815 stolicam
302 2751 476 2817 anichilare
498 2754 657 2818 diceutes:
683 2751 775 2818 »Iure
799 2752 944 2817 volumus
966 2773 1023 2817 vos
1045 2753 1204 2832 vincere«,
1226 2773 1272 2816 vo·

132 2854 233 2920 lentes
262 2878 312 2921 me
336 2861 465 2921 terrere.
513 2856 581 2940 Ego
612 2861 720 2922 autern
743 2848 954 2922 confortatus
973 2878 1031 2940 per
1062 2858 1114 2922 dei
1144 2857 1271 2942 gratiam

133 2965 164 3025 et
180 2961 359 3044 intrepidus
383 2962 464 3026 dixi:
490 2960 634 3027 »Littera
657 2984 726 3026 mea
741 2962 881 3026 excludit
896 2962 1003 3027 omnia
1018 2961 1186 3046 prohibita
1204 2984 1271 3046 apo·

132 3064 246 3130 stoliea
268 3070 300 3130 et
323 3065 413 3131 tollit
436 3068 542 3132 omnia
565 3069 636 3132 iura
658 3074 756 3152 atque
778 3068 886 3132 omnia
901 3072 1024 3133 statuta
1039 3053 1163 3132 ordinis
1185 3068 1270 3133 etiam

132 3170 318 3236 iuramentis
334 3171 471 3252 firmata,
494 3173 556 3237 nisi
575 3173 743 3238 volueritis
766 3173 846 3238 mihi
862 3173 965 3240 facere
981 3172 1134 3237 iniuriam
1159 3179 1191 3239 et
1212 3174 1270 3238 vio·

131 3275 274 3344 lentiam.
319 3277 388 3360 Ego
411 3283 517 3343 autem
540 3279 668 3363 appello
691 3282 803 3344 contra
824 3279 972 3343 iniuriam
1004 3280 1044 3343 ad
1068 3280 1202 3344 eundern
1227 3263 1268 3342 ii·

132 3382 251 3462 dicem,
285 3383 339 3467 qui
363 3383 442 3447 mihi
466 3385 548 3450 hanc
571 3385 710 3469 gratiam
733 3385 886 3464 contulit,
922 3385 976 3469 qui
1005 3389 1038 3450 et
1060 3389 1166 3450 vester
1188 3384 1270 3449 iudex

132 3495 209 3552 est<
259 3487 301 3552 Et
321 3489 437 3553 iterum
462 3491 611 3555 audacter
626 3491 755 3555 adiunxi
778 3492 900 3556 dicens:
926 3489 1014 3574 >Ego
1037 3493 1087 3554 tot
1111 3490 1202 3554 annis
1224 3509 1270 3554 vo·
1300 3553 1303 3560 ,

132 3593 253 3658 hiscum
283 3593 316 3656 in
347 3599 456 3659 saneta
478 3596 681 3662 observantia
703 3597 823 3661 ordinis
846 3599 1049 3661 conversatus
1071 3617 1143 3660 sum
1170 3601 1202 3660 11
1222 3615 1271 3678 per

131 3698 181 3762 dei
205 3698 343 3782 gratiam
360 3722 523 3784 nunquam
540 3701 669 3785 aliquod
685 3701 867 3766 scandalum
882 3700 1034 3780 commisi,
1058 3722 1117 3766 111
1140 3722 1269 3786 unquam

131 3802 297 3867 audivistis
321 3827 339 3867 a
364 3804 564 3887 principibus
587 3808 619 3868 et
642 3805 814 3885 nobilibus,
846 3806 886 3870 ab
909 3805 1068 3889 episcopis
1091 3809 1125 3870 et
1148 3804 1273 3890 prelatis

131 3928 189 3971 nec
218 3907 258 3971 ab
282 3907 391 3992 aliqua
414 3930 549 3992 persona
572 3910 732 3992 spirituali
766 3910 815 3973 vel
838 3908 974 3997 seculari
997 3910 1168 3996 utriusque
1191 3931 1274 3977 sexus

131 4012 182 4076 vel
212 4013 308 4077 etiam
333 4012 493 4098 querelam
523 4013 663 4099 aliquam
694 4037 713 4078 a
744 4014 844 4079 fratre
875 4013 983 4098 aliquo
1005 4014 1128 4082 ordinis
1158 4020 1214 4081 111
1240 4017 1274 4081 ab

132 4118 240 4203 aliqua
271 4118 334 4183 alia
357 4140 502 4202 persona.
547 4118 747 4200 sinebatis,
781 4118 910 4184 dicatis!
955 4117 1038 4194 Quid
1069 4120 1175 4204 igitur
1204 4120 1277 4187 mihi

206 4277 218 4328 l
239 4275 323 4329 Wohl
336 4293 369 4328 zu
383 4273 588 4329 construieren:
606 4275 680 4330 lecta
693 4226 793 4331 littera
806 4277 922 4332 vocatus
935 4291 1005 4340 sum,
1018 4276 1048 4331 et
1060 4274 1195 4332 dixerunt
1207 4277 1278 4332 mihi.

133 4360 202 4415 Eine
220 4361 362 4430 derartige
381 4361 662 4432 zusammenziahung
686 4362 738 4416 hat
764 4362 809 4418 bei
826 4361 956 4418 Walther
974 4362 1068 4421 nichts
1088 4363 1279 4424 auffallendes.

133 4447 270 4505 llohricht
289 4449 407 4519 glaubte
427 4451 500 4507 statt
520 4452 635 4511 vocatus
656 4453 756 4510 vocata
774 4450 849 4510 lesen
867 4468 902 4509 au
919 4450 1017 4512 sollen.
