2842 5070
670 360 740 427 :242

134 557 202 614 nus,
226 557 266 599 an
289 533 362 618 plus
377 535 536 599 haberem.
582 533 619 598 In
644 538 750 601 eadem
775 536 863 600 curia
887 537 982 601 etiam
998 539 1145 602 nutritur
1163 560 1268 621 porcus,

134 641 188 724 qui
213 640 327 704 circuit
344 641 489 716 esuriam,
513 645 545 703 et
568 663 638 706 oum
663 640 829 706 Sarraceni
853 648 884 706 et
906 640 1000 706 Judei
1030 665 1095 708 non
1119 647 1272 709 comedunt

132 767 242 810 carnes
263 746 408 829 porcinas
432 767 490 810 nec
516 751 746 812 consueverunt
769 747 886 812 habere
909 749 941 811 in
958 748 1052 812 terris
1075 748 1143 812 illis
1166 770 1272 832 porcos

132 854 164 914 et
186 851 279 933 pauci
302 851 450 914 viderunt
472 873 622 934 porcum,
647 858 679 917 et
702 853 806 937 qualis
829 853 930 918 bestia
953 853 1010 930 sir,
1034 857 1065 916 et
1090 873 1164 917 cum
1187 854 1272 916 intra-

132 956 237 1020 verint
259 956 419 1021 civitatem
436 954 678 1034 Alexandriam,
700 958 833 1021 veniunt
855 957 893 1021 ad
917 958 1038 1022 curiam
1061 958 1274 1022 adridendum

132 1082 274 1143 porcum.
320 1059 476 1124 Nonnulli
501 1061 649 1126 timentes
674 1068 800 1127 sumet
824 1083 885 1127 non
912 1065 1029 1127 audent
1051 1063 1210 1142 accedere,
1232 1085 1273 1126 ex·

132 1171 282 1249 spuentes
305 1171 418 1230 eontra
442 1189 531 1240 eum:
555 1189 669 1250 porcus
685 1169 863 1252 aliquando·
879 1168 981 1233 currit
1004 1170 1120 1232 contra
1143 1189 1272 1232 eoscum

119 1270 260 1354 rugitu;
283 1269 418 1352 fugiunt
440 1293 548 1335 omnes
570 1287 641 1336 cuni
665 1273 802 1336 clamore
824 1272 1046 1337 maledicentes
1070 1272 1110 1335 ei.
1159 1272 1200 1335 ΕΙ
1222 1272 1271 1336 vidi

133 1375 239 1457 sepius
262 1396 280 1438 a
303 1375 416 1439 multis
431 1373 614 1442 Sarracenis
638 1374 810 1455 ethereis,
834 1381 866 1439 et
889 1375 952 1441 fuit
974 1376 1055 1440 mihi
1072 1377 1165 1441 valde
1187 1377 1271 1441 delec-

135 1479 243 1559 tabile,
267 1479 394 1563 quando
418 1501 532 1561 porcus
556 1484 668 1545 contra
699 1502 750 1545 eos
773 1482 922 1545 currebat
937 1479 958 1545 ¹.
1004 1480 1042 1544 ln
1066 1483 1179 1546 eadem
1201 1483 1271 1547 curia

133 1585 322 1648 nutriuntur
337 1607 356 1648 a
370 1586 600 1650 mercatoribus
615 1586 723 1669 plures
739 1607 855 1670 symea,
871 1587 1027 1668 bapatini,
1053 1589 1141 1651 catte
1158 1588 1269 1664 marine,

134 1690 328 1754 diversarum
351 1690 567 1755 conditionum
591 1712 677 1769 aves,
701 1690 827 1775 aliaque
849 1690 1002 1774 perplura
1025 1714 1115 1764 rara;
1140 1692 1269 1756 similiter

134 1795 167 1858 in
191 1794 262 1859 aliis
286 1795 383 1860 curiis
405 1798 617 1885 mercatorum
632 1794 655 1859 ².
701 1795 743 1859 Et
773 1797 806 1858 in
830 1797 959 1861 civitate
986 1797 1071 1860 inter
1095 1797 1179 1862 cives
1201 1800 1268 1860 stant

133 1900 173 1964 ad
196 1901 368 1965 videndum
392 1900 473 1964 tales
496 1900 611 1978 bestie,
634 1900 758 1979 leones,
781 1901 864 1980 ursi,
888 1900 1048 1983 bapatini‚
1073 1901 1187 1978 simeo,
1209 1898 1267 1964 catti

134 2005 249 2070 marini
274 2011 306 2070 et
328 2006 430 2070 multe
452 2005 614 2068 mirabiles
637 2027 718 2070 aves.
764 2004 844 2069 Item
868 2004 925 2069 illo
948 2010 1108 2088 tempore,
1134 2027 1195 2089 quo
1215 2025 1266 2067 era·

133 2133 204 2175 mus
227 2111 282 2191 ibi,
305 2112 368 2175 vdl.
381 2134 465 2176 anno
485 2111 578 2190 1483,
595 2111 682 2176 venit
699 2111 828 2195 quidem
852 2116 1010 2175 mercator
1033 2112 1071 2175 de
1087 2133 1187 2196 regno
1202 2109 1265 2173 Nea·

133 2217 278 2299 politano
311 2238 383 2281 curn
411 2237 530 2301 magna
553 2239 651 2295 nava,
683 2239 776 2300 quarn
800 2217 866 2281 vidi
889 2215 1008 2281 occulis
1030 2216 1126 2295 meis,
1159 2219 1265 2298 portans

134 2322 330 2386 solummodo
375 2343 469 2385 nuces
499 2321 648 2386 avelanos
680 2342 738 2404 pro
767 2321 857 2384 mille
884 2320 1015 2385 ducatio.
1063 2320 1105 2384 Ee
1140 2322 1264 2384 dixerunt

134 2428 216 2490 servi
239 2427 306 2490 eius
330 2425 419 2501 mihi,
444 2447 578 2510 quorum
594 2425 693 2509 aliqui
710 2431 801 2488 erant
817 2424 1019 2503 Theutoniei‚
1043 2426 1128 2510 quod
1145 2425 1263 2489 dominus

134 2531 276 2613 ipsorum
300 2532 378 2595 bene
402 2530 551 2594 venderet
580 2552 632 2594 eas
660 2553 720 2614 pro
751 2537 889 2615 quatuor
910 2531 1041 2595 milibus
1065 2531 1196 2596 ducatis.
1232 2527 1260 2589 hl

135 2636 299 2701 dixerunt:
330 2637 357 2699 si
389 2637 459 2720 quis
482 2635 615 2699 haberet
638 2637 676 2699 de
698 2636 771 2699 aliis
793 2636 927 2699 nucibus
949 2635 1125 2700 maioribus
1148 2640 1260 2705 tantun,

137 2744 203 2825 ipse
226 2742 375 2807 venderet
397 2742 461 2805 cito
493 2762 544 2805 eas
567 2762 626 2823 pro
649 2744 720 2804 octo
743 2740 874 2803 milibus
897 2737 1055 2804 ducatisl.
1103 2739 1183 2803 Item
1206 2736 1258 2800 hle

135 2847 267 2912 xandrie
299 2852 374 2912 sunt
398 2849 534 2930 quatuor
556 2845 684 2908 ecclesie
708 2843 960 2908 Christianorum
995 2845 1049 2908 sed
1084 2846 1117 2907 in
1140 2843 1258 2909 manibus

136 2953 320 3017 Grecorum.
365 2948 438 3013 Una
460 2953 507 3012 est
538 2949 571 3010 in
595 2948 714 3013 honore
736 2948 838 3012 sancti
863 2948 961 3012 Marci
985 2949 1202 3032 ewangeliste,
1221 2943 1257 3029 qni

137 3062 205 3122 erat
227 3057 272 3121 ibi
289 3056 454 3139 episcopus
470 3054 601 3136 primus,
625 3058 657 3116 et
679 3052 743 3117 fuit
766 3053 842 3117 olim
859 3053 989 3117 ecclesia
1014 3053 1202 3117 cathedralis
1220 3048 1255 3113 sed

136 3161 228 3226 modo
244 3162 335 3225 valde
358 3160 448 3225 exilis
472 3163 504 3222 et
520 3180 617 3241 parva
633 3157 661 3234 41;
686 3158 749 3221 alia
772 3162 820 3221 est
835 3157 966 3221 ecclesia
985 3158 1094 3221 sancti
1111 3154 1256 3226 Michaelis

136 3273 168 3333 et
191 3269 235 3332 ibi
259 3268 440 3351 speliuntur
462 3263 635 3329 Christiani
658 3265 808 3330 catholici
839 3269 905 3328 tam
929 3265 967 3328 de
989 3265 1168 3349 peregrinis
1188 3278 1255 3345 quan

701 3389 721 3425 ἅ·

208 3478 222 3531 l
241 3476 326 3531 Fabri
344 3476 392 3538 ΙΙΙ,
413 3476 463 3530 164
482 3474 606 3529 schreibt
624 3474 686 3528 dem
712 3473 782 3527 tiere
800 3488 884 3541 sogar
909 3471 990 3526 einen
1010 3473 1145 3542 gewissen
1164 3466 1257 3527 instinht

1301 3298 1304 3439 l

137 3584 179 3629 zu,
198 3565 285 3618 durch
304 3563 358 3617 den
377 3565 405 3617 ei
424 3561 553 3616 christan
571 3578 625 3617 von
639 3560 731 3614 Juden
748 3559 806 3612 und
819 3559 1059 3615 Muhamedanern
1073 3556 1257 3616 unterscheiden
1301 3568 1304 3635 g

136 3654 251 3716 konnte‚
270 3655 375 3707 erstere
394 3648 572 3716 unhehelligt
588 3647 708 3711 lassend‚
728 3647 844 3701 letztere
862 3646 1036 3715 veriolgend.
1144 3647 1257 3702 2Fbenso
1302 3644 1304 3683 3

137 3740 221 3794 Fabri
241 3739 288 3803 ΙΙΙ,
309 3739 368 3794 163.
474 3741 491 3792 3
519 3737 597 3791 Auch
616 3736 700 3790 Fabri
720 3736 775 3797 ΙΙΙ,
797 3735 845 3789 153
871 3735 1010 3789 berichtet
1036 3737 1105 3791 iiber
1134 3737 1201 3791 diere
1222 3727 1257 3784 nil
1302 3790 1304 3799 Ι

138 3834 238 3883 niissen
257 3826 393 3881 baladone
410 3825 505 3880 schiffe
523 3825 581 3879 und
599 3824 741 3886 hemerht,
768 3823 832 3876 dass
859 3823 916 3876 ihm
944 3823 986 3877 als
1005 3827 1076 3878 wert
1095 3822 1257 3879 derselbenro
1302 3876 1304 3883 ,

127 3915 209 3971 ‘hoho
228 3930 352 3968 summan
372 3916 500 3982 genannt
518 3913 649 3976 worden,
668 3911 732 3965 dass
749 3927 778 3965 er
797 3911 836 3965 sie
855 3909 933 3964 nicht
952 3909 1178 3981 wiederzugeben
1194 3917 1256 3972 wago

139 4005 202 4072 Vgl.
222 4003 314 4071 Georg
332 4005 398 4067 475,
417 4021 459 4058 wo
477 4002 520 4054 als
538 4003 608 4055 wert
638 4000 687 4054 der
706 4003 787 4053 niisse
814 3998 888 4052 eines
907 3997 1019 4053 solchen
1048 3999 1157 4054 schiffes
1176 3995 1256 4048 »decem
1301 4016 1304 4073 p

138 4091 230 4144 millia
258 4108 435 4145 nummorum
465 4105 628 4144 aureorum«
649 4085 814 4155 angegeben
832 4085 877 4140 ist.
983 4087 1002 4138 4
1028 4085 1108 4140 Nach
1127 4085 1207 4140 Ghist.
1222 4072 1255 4131 llll

139 4178 187 4248 lag
206 4179 250 4233 die
269 4178 365 4233 kircha
393 4178 424 4231 in
451 4177 500 4232 der
518 4174 628 4239 strasse,
646 4175 750 4228 welche
777 4173 826 4227 der
844 4172 933 4241 grosse
950 4173 1036 4226 basar
1055 4173 1103 4227 des
1122 4175 1159 4227 hl.
1177 4171 1255 4224 Marcus

138 4268 266 4335 genennt
283 4266 387 4319 warde.
423 4264 508 4319 Fabri
528 4265 594 4332 sagt
611 4263 660 4327 ΙΙΙ,
682 4263 729 4317 161
750 4279 804 4316 von
822 4261 913 4315 ihrem
931 4261 1085 4315 zustaude:
1101 4250 1211 4317 somnia
1225 4250 1255 4303 de·

139 4353 289 4406 fecerunta
327 4353 362 4405 Es
389 4352 427 4405 ist
454 4351 512 4404 dies
540 4350 586 4404 die
605 4349 710 4419 jetzige
728 4348 872 4418 koptische
890 4346 993 4402 kircha.
1031 4339 1254 4417 vgi.ssaed.pb11

139 4455 165 4495 v.
183 4439 372 4505 Alexandrian
391 4457 432 4492 nr.
450 4440 493 4493 27.
530 4437 611 4509 Sepp,
630 4437 684 4491 Jer.
704 4436 739 4504 ΙΙ,
758 4438 817 4491 666.
