2842 5070
688 362 760 426 50.

132 561 192 625 que
222 540 360 604 indelate
384 538 470 602 exire
494 543 525 602 et
549 536 728 622 relinquere
750 539 867 602 omnia.
913 537 954 601 Et
979 537 1105 620 quando
1131 513 1284 601 volebat¹

131 646 253 709 intrare
276 643 410 728 galeam,
434 644 524 708 venit
546 643 585 707 ad
607 665 658 707 me
681 648 713 707 et
736 644 881 726 prestitit
905 643 1126 722 elemosinam,
1158 663 1284 727 rogans,

132 754 168 813 ut
191 750 284 814 deum
307 770 430 813 orarem
453 771 512 832 pro
535 749 619 832 ipso,
652 752 684 811 et
706 748 890 813 subiunxit:
924 747 1081 828 ›Scitote‚
1116 749 1203 832 quod
1228 770 1284 826 me,

131 855 203 918 dum
236 853 423 933 revocatio,
458 875 520 917 non
545 853 711 936 reperietis
745 854 802 918 deo
837 853 1041 919 auxiliante«
1091 853 1134 916 Et
1167 853 1283 916 intravi

132 983 220 1024 mare
243 965 276 1024 et
299 959 405 1024 neseio
427 959 581 1042 amplius,
613 960 689 1043 quid
712 959 897 1024 sitientum
921 980 992 1023 cum
1016 957 1082 1024 illo.
1131 959 1283 1022 Attamen

131 1066 222 1130 dicor
250 1065 277 1128 si
301 1087 364 1129 non
388 1064 627 1147 assumpsissem
650 1063 730 1127 mihi
755 1064 884 1128 visitare
908 1069 1026 1127 terram
1048 1067 1204 1142 sanctem,
1228 1084 1283 1146 ego

132 1171 317 1254 recepissem
350 1192 420 1233 eum
445 1174 579 1252 propter
601 1167 728 1231 Ihesum
753 1169 791 1232 ad
816 1191 941 1232 manum
968 1191 1070 1232 meam
1093 1171 1126 1232 et
1149 1191 1215 1232 non
1239 1169 1282 1232 di-

132 1276 285 1339 misissem
301 1297 382 1354 emn,
399 1275 498 1338 donec
508 1274 620 1338 fuisset
631 1275 832 1338 introductus
847 1275 886 1338 ad
900 1274 992 1350 ovile,
1009 1275 1046 1338 de
1067 1295 1132 1358 quo
1150 1275 1250 1338 exivit
1262 1271 1282 1338 ¹.

221 1381 283 1444 Per
305 1384 406 1444 totam
430 1381 561 1444 eandem
584 1378 864 1463 Quadragesimnm
887 1378 1063 1462 predicavit
1094 1379 1284 1442 reverendus

134 1493 226 1570 pater
243 1486 379 1550 vicarius
401 1485 564 1568 provincie
585 1485 688 1548 saneti
712 1485 854 1563 Antonii,
877 1484 979 1548 frater
994 1482 1181 1548 Franciscus
1199 1483 1282 1568 Ray·

135 1593 288 1672 mundus‚
310 1589 452 1655 Venetus
484 1591 522 1654 de
557 1588 698 1669 Cento³‚
736 1590 769 1653 in
804 1593 960 1654 conventu
991 1589 1092 1652 sancti
1125 1587 1284 1652 Francisci

133 1699 170 1762 de
197 1697 327 1761 Avinea.
376 1695 414 1758 lit
449 1695 561 1758 habuit
594 1716 743 1777 magnum
776 1715 961 1759 concursum
1002 1693 1112 1777 populi
1146 1699 1179 1757 et
1210 1693 1283 1758 fecit

134 1802 256 1867 fructus
278 1802 312 1865 in
336 1800 465 1885 populo.
514 1799 596 1864 Nam
612 1801 720 1883 plures
745 1823 801 1883 per
823 1799 1104 1884 Quadragesimam
1127 1799 1282 1863 notabiles

135 1908 263 1972 vestivit
286 1906 399 1969 habitu
418 1906 537 1970 ordinis
560 1905 657 1969 etiam
680 1906 711 1968 in
736 1904 910 1970 cancellis⁴
932 1925 1038 1968 secum
1060 1905 1172 1967 statim
1197 1905 1283 1967 finito

133 2034 284 2077 sermone.
336 2011 377 2075 ut
406 2011 439 2074 in
472 2010 553 2074 festo
587 2010 851 2075 Annuntiationis
882 2009 982 2074 Marie
1017 2008 1071 2092 [25
1100 2007 1202 2092 Mdrz]
1240 2031 1283 2071 rc·

133 2119 217 2201 cepit
240 2118 278 2181 ad
303 2117 449 2183 habitum
474 2117 535 2180 duo
553 2116 669 2180 fratres
694 2117 783 2181 valde
806 2115 962 2180 notabiles
985 2120 1017 2179 et
1040 2114 1191 2195 famosos,
1215 2136 1282 2198 ger·

134 2243 243 2285 menos
268 2219 425 2299 Venetos,
459 2241 540 2284 unus
562 2221 671 2285 doctor
694 2223 726 2284 in
751 2226 886 2305 utroque
910 2221 996 2299 iure,
1030 2219 1112 2284 alius
1137 2220 1283 2284 notabilis

138 2325 446 2410 prothonotlrariuS‚
484 2326 577 2389 ambo
610 2327 688 2389 bene
722 2327 805 2390 docti
838 2332 869 2389 et
896 2324 1047 2391 officiales
1070 2325 1102 2388 in
1135 2325 1283 2408 capitolio

135 2431 340 2495 Venetorum.
396 2430 455 2506 Qui
491 2430 591 2495 libere
628 2432 847 2496 renuntiantes
881 2431 988 2495 omnia
1021 2435 1156 2513 propter
1197 2431 1280 2494 deum

123 2543 166 2600 ·et
201 2537 300 2600 secuti
339 2542 414 2599 sunt
451 2537 611 2600 dominum
646 2542 678 2600 et
712 2544 856 2601 sanctum
892 2536 1092 2602 Franciscum
1135 2537 1168 2599 in
1204 2536 1279 2600 nuda

134 2647 333 2724 paupertate.
383 2640 463 2705 haus
487 2643 697 2725 omnipotenti
722 2643 788 2722 deo,
814 2643 868 2727 qui
891 2643 981 2706 novit
1003 2663 1076 2705 suos
1105 2664 1220 2706 vocare
1247 2641 1277 2704 de

134 2747 255 2810 fecibus
280 2747 374 2809 huius
400 2748 521 2812 mundi.
568 2747 609 2810 Et
634 2749 665 2811 in
691 2747 861 2813 Parasceve
886 2748 919 2832 [5
939 2747 1045 2830 April]
1075 2752 1207 2811 vocatus
1236 2750 1274 2809 est

134 2876 192 2937 per
226 2853 368 2917 dominos
398 2851 538 2916 Venetos
567 2853 605 2916 ad
641 2854 868 2935 predicandum
899 2852 1077 2936 passionem
1112 2853 1144 2915 iu
1178 2855 1275 2914 sancta

137 2955 244 3021 Marco
268 2962 327 3023 ete.

700 3112 720 3147 tl·

208 3223 218 3272 l
241 3219 316 3272 Musa
341 3220 413 3272 nach
438 3220 499 3273 dem
525 3219 764 3288 zusammenhaug
788 3219 949 3274 »volebam«
979 3217 1090 3274 heissen.
1197 3214 1271 3271 201>-

139 3306 223 3361 schon
242 3306 331 3360 dieser
351 3306 523 3359 ansftihrlich
543 3306 712 3361 behondelte
731 3307 782 3360 fall
802 3306 956 3374 cigentlich
984 3306 1014 3361 in
1042 3307 1141 3361 keiner
1160 3306 1270 3360 dirckten

138 3394 293 3462 beaiehung
312 3412 360 3447 aur
372 3394 545 3464 pilgerlahrt
558 3396 641 3458 steht,
661 3396 756 3450 wollte
774 3397 818 3450 ich
832 3397 882 3450 ihn
894 3396 965 3452 doch
980 3394 1059 3449 nicht
1078 3395 1129 3448 der
1141 3391 1270 3449 verdffent

138 3482 254 3551 lichung
272 3482 424 3544 entziehen‚
445 3482 482 3535 da
500 3501 530 3536 er
549 3482 653 3536 sowohl
673 3482 703 3536 in
722 3483 813 3552 beaug
839 3483 889 3536 auf
905 3482 1051 3536 Walthers
1069 3482 1221 3536 charahter
1241 3476 1270 3530 als

136 3569 208 3623 auch
226 3569 273 3622 fiir
291 3569 336 3624 die
353 3568 487 3623 kenntnis
506 3569 664 3639 damaliger
683 3570 868 3625 verh‘a'ltnisse
886 3570 1043 3624 instrnlrtiv
1063 3569 1109 3623 ist.
1210 3567 1270 3622 3111·

136 3660 197 3712 text
216 3659 253 3710 ist
272 3657 333 3711 hier
352 3657 397 3710 ein
416 3657 432 3709 2
451 3675 495 3710 cm
514 3657 614 3726 longer
632 3657 720 3712 leerer
739 3676 831 3712 raum.
901 3660 917 3710 4
936 3657 1068 3722 Cancelli,
1087 3652 1270 3727 ursprfinglieh

135 3745 196 3799 eine
222 3743 365 3813 niedrigm
397 3762 554 3799 marmorne
586 3744 833 3810 mauerschranlre,
869 3745 972 3799 welche
999 3745 1049 3798 das
1072 3743 1270 3814 presbyterium

137 3831 163 3885 d.
182 3832 199 3886 i.
219 3832 272 3885 deu
291 3831 370 3902 platz
396 3832 441 3885 fiir
465 3832 520 3886 den
546 3833 654 3897 klerus,
683 3851 737 3888 von
765 3833 827 3887 dem
847 3832 943 3886 schiffa
971 3833 1037 3887 oder
1062 3832 1220 3900 langhause
1236 3829 1271 3882 der

136 3919 239 3986 kirche,
261 3920 288 3973 d.
307 3921 324 3975 i.
345 3921 407 3974 dem
421 3921 514 3991 platee
533 3923 578 3975 fiir
596 3922 647 3975 das
662 3921 734 3983 volk,
754 3922 877 3975 trennte.
916 3921 958 3973 An
977 3919 1077 3974 beiden
1091 3920 1181 3974 seiten
1200 3918 1271 3971 dieser

137 4007 252 4060 cancelli
272 4025 365 4062 waren
388 4008 433 4063 die
452 4009 590 4064 ambonen
610 4010 799 4079 engebraoht,
821 4027 874 4064 von
893 4007 1017 4063 walchen
1035 4024 1087 4060 ans
1107 4008 1154 4062 die
1172 4001 1271 4076 episteln

140 4095 197 4148 und
216 4096 382 4165 evangelion
403 4097 526 4151 verlesen
545 4096 667 4152 worden.
705 4096 759 4150 Der
778 4095 910 4150 deutsche
938 4111 1020 4148 name
1041 4094 1133 4149 dieser
1153 4094 1271 4148 ambonen

143 4183 272 4237 ›kaurel‹
288 4183 395 4239 kommt
415 4203 467 4240 von
481 4184 607 4239 cancelli.
645 4182 746 4252 Sptter
761 4184 855 4237 wurde
874 4183 948 4238 diere
961 4183 1200 4237 mauerschranlre
1217 4174 1272 4234 auch

137 4272 224 4322 etwas
237 4270 336 4323 erhoht
355 4271 420 4325 oder
440 4270 528 4324 durch
540 4271 624 4324 schdn
637 4270 862 4325 durchbrochene
875 4269 963 4338 gitter
976 4271 1086 4323 ersetnt
1106 4268 1174 4340 Vgl.
1186 4265 1271 4322 Luble.

135 4354 232 4408 Gesch.
252 4356 278 4408 d.
298 4357 447 4413 architekt.
467 4359 486 4422 l,
506 4357 557 4412 256
585 4377 611 4413 u.
631 4377 656 4413 a.
676 4377 700 4414 o.
737 4358 768 4410 ln
790 4358 923 4412 cancellis
952 4357 1029 4412 steht
1058 4357 1120 4413 hier
1137 4351 1273 4428 jedenfalls

141 4441 186 4493 fiir
205 4443 281 4497 intra
300 4445 444 4501 cancellos.
