2842 5070
684 304 730 370 54

133 503 212 565 quos
234 480 396 544 interfecit
419 479 559 544 Herodes
583 501 638 543 rex
661 484 792 564 propter
816 479 977 544 Christum
1002 480 1033 542 in
1061 477 1230 544 Bethleem
1255 483 1285 542 et

131 586 164 649 in
190 585 306 650 finibus
329 585 397 649 eins
414 581 434 647 ¹.
480 584 518 648 ln
543 585 676 650 ecclesia
698 586 800 650 saneti
822 584 903 664 Joh,
934 585 988 648 ubi
1022 584 1144 648 hahent
1168 583 1285 649 fratres

132 690 269 754 minores
284 689 535 773 pulcherrimum
559 690 786 754 monesterium
810 691 848 753 de
871 689 1082 767 observantie,
1106 689 1152 754 ihi
1176 689 1283 774 requi-

132 794 210 859 escit
232 815 347 878 eorpus
363 794 525 876 integrum
549 779 751 859 sencti'Luce
768 795 981 879 evengeliste3
1005 794 1065 859 hoc
1081 816 1197 878 eorpus
1220 794 1283 858 vidi

131 900 208 964 licet
229 920 300 963 cunr
324 899 466 981 indignis
488 898 590 965 oculis
621 899 718 978 meis,
751 904 783 964 et
812 900 906 964 huius
928 900 974 963 rei
995 899 1143 964 veritatis
1165 899 1284 963 hubent

132 1004 249 1068 fratres
279 1004 549 1068 confirmationem
584 1005 762 1088 aquodam
785 1002 904 1088 pepe&
950 1004 987 1068 ln
1021 1005 1131 1068 eedem
1155 1005 1284 1070 civitate

133 1109 259 1193 quidem
285 1109 334 1171 vir
357 1108 474 1172 nobilis
497 1114 582 1189 erat,
606 1109 661 1194 qui
684 1109 798 1173 hahuit
820 1132 919 1173 unum
943 1093 1164 1192 elephantem,
1197 1110 1282 1173 etin

132 1219 243 1278 octavu
267 1214 317 1277 die
341 1213 458 1277 mensis
482 1213 557 1299 May
579 1237 617 1278 ex
641 1215 777 1299 quadam
807 1215 992 1279 curiositate
1028 1218 1060 1278 et
1084 1214 1222 1278 raritate
1243 1214 1283 1277 ivi

133 1341 204 1384 eum
226 1317 388 1402 aliquibus
410 1319 581 1398 Alumenis,
606 1321 661 1404 qui
684 1320 840 1384 dederunt
861 1319 998 1403 pretium
1016 1319 1155 1398 videndi,
1178 1319 1282 1383 videre

133 1423 223 1488 illud.
269 1423 311 1487 Et
333 1424 403 1488 dieo
418 1427 514 1503 certe,
537 1424 621 1508 quod
643 1424 705 1489 hoc
726 1424 845 1489 animal
861 1424 988 1488 videtur
1010 1423 1089 1487 mihi
1105 1424 1283 1488 mirabilius

15 1566 17 1571 ·
134 1529 274 1594 omnium
298 1529 484 1593 animalium
510 1534 754 1606 terrestrorunr;
785 1553 857 1594 nam
887 1531 1023 1594 eiusdem
1047 1529 1198 1593 animalis
1221 1529 1281 1594 for-

133 1657 217 1699 mam
241 1639 273 1698 et
297 1633 536 1717 dispositionem
561 1635 703 1717 corporis
725 1635 778 1698 vix
802 1656 931 1716 possum
953 1633 1074 1698 eulumo
1096 1633 1280 1698 describere.

133 1739 194 1804 Sex
218 1738 314 1803 stetis
338 1759 494 1803 annornm
518 1744 587 1802 erut
616 1738 672 1802 illo
695 1742 855 1822 tempore,
891 1743 923 1803 et
944 1742 1015 1802 erut
1045 1737 1078 1801 in
1103 1738 1281 1822 quantitate

134 1844 208 1928 equi
230 1845 344 1929 grossi,
367 1845 420 1909 sed
443 1867 506 1909 non
529 1845 575 1909 sic
596 1845 730 1927 longum
753 1865 886 1926 corpore
907 1843 991 1907 sicut
1013 1864 1113 1926 equus
1138 1843 1193 1906 sed
1218 1843 1280 1906 hre-

135 1951 204 2014 vius
227 1956 260 2016 et
282 1951 397 2029 ultius,
427 1951 518 2015 uelde
541 1950 690 2015 deformis
726 1971 781 2033 per
803 1953 917 2015 totum.
964 1946 1059 2012 color
1093 1947 1162 2010 eius
1184 1969 1281 2031 neque

133 2056 227 2120 nlbns
241 2078 344 2140 neque
359 2058 452 2139 niger
475 2057 529 2120 sed
545 2056 680 2139 griseus,
703 2060 740 2120 ut
755 2055 848 2138 niger
863 2075 980 2137 porcus
996 2053 1065 2116 sine
1081 2052 1167 2136 pilis.
1215 2051 1280 2116 Non

136 2162 234 2226 hahet
256 2161 339 2245 pilos
369 2183 428 2226 nec
449 2162 554 2226 crines
585 2183 643 2227 nec
666 2166 752 2225 setas
773 2160 826 2224 sed
851 2159 977 2223 videtur
999 2157 1137 2222 calvum.
1184 2156 1281 2240 Caput

135 2271 224 2331 tenet
246 2266 429 2348 depressum
454 2271 491 2331 nt
511 2287 645 2350 porcus,
668 2266 775 2331 ocnlos
796 2286 911 2348 parvos
932 2268 969 2328 nt
991 2283 1117 2346 porcus.
1165 2261 1280 2326 Nasum

135 2371 267 2451 longum
283 2370 398 2433 hebuit
414 2370 492 2434 hene
507 2392 562 2435 sex
578 2372 756 2455 palmarum
773 2408 815 2416 -
831 2390 973 2452 spunnen
991 2404 1042 2431 -.
1067 2365 1140 2431 Nou
1159 2367 1278 2431 videtur

137 2476 255 2539 hahere
279 2474 496 2539 meudibulum
522 2474 672 2552 inferius,
705 2475 750 2539 sie
773 2474 856 2557 tegit
879 2494 950 2537 cum
973 2493 1050 2536 naso
1073 2476 1106 2536 et
1130 2471 1281 2556 superiori

136 2579 328 2644 mnndihnlo.
366 2577 487 2643 Nasum
503 2581 647 2644 extendit
663 2585 696 2643 et
710 2579 809 2643 vertit
823 2578 983 2654 hincinde,
1000 2582 1112 2641 currat
1128 2581 1162 2640 et
1179 2577 1281 2659 erigit:

134 2683 242 2748 omniu
265 2683 344 2748 lucit
367 2705 439 2746 enm
462 2705 548 2748 naso.
595 2684 695 2749 Tollit
711 2705 822 2747 nasum
845 2688 878 2746 et
892 2682 998 2765 aperit
1013 2704 1048 2744 os
1071 2685 1104 2744 et
1125 2682 1281 2764 permittit

135 2790 241 2854 ridere
270 2789 380 2854 dentes
409 2810 492 2854 snos.
538 2788 683 2854 comedit
702 2789 901 2853 frumentum
933 2792 966 2851 et
996 2808 1066 2851 eum
1098 2809 1178 2851 nuso
1202 2785 1281 2850 tollit

135 2915 237 2978 grune
259 2899 292 2958 et
306 2895 501 2958 recurvando
516 2895 608 2978 ponit
631 2895 692 2958 sibi
716 2895 755 2958 ad
777 2916 827 2971 os,
851 2892 1000 2957 similiter
1016 2891 1154 2955 bibendo
1171 2913 1279 2976 aquam

135 3001 291 3066 olefacit
338 3000 380 3064 Et
401 3001 528 3065 doctum
561 3006 609 3064 est
639 3001 699 3064 hoc
729 3000 865 3074 animal,
898 2998 981 3083 qnod
1009 2997 1127 3080 recipit
1153 2998 1279 3061 multam

703 3107 719 3133 f

207 3159 220 3209 1
242 3155 353 3210 Andere
369 3155 463 3225 pilger
481 3156 583 3210 inhren
603 3157 672 3212 noch
693 3155 748 3210 viel
766 3155 845 3209 mehr
863 3152 1000 3223 reliqnien
1019 3170 1064 3207 an
1192 3152 1210 3204 2
1228 3151 1281 3206 Alle

135 3244 260 3298 anderen
277 3242 494 3313 gleichzeitigen
512 3245 604 3314 pilger
621 3243 774 3305 berichten,
795 3242 861 3296 dass
879 3242 930 3295 der
947 3240 1005 3295 leib
1022 3240 1071 3294 des
1089 3240 1129 3294 hl.
1149 3240 1238 3295 Lucus
1254 3256 1280 3292 nn

136 3331 233 3385 Padus
252 3330 283 3383 in
301 3330 351 3384 der
370 3330 468 3384 kirehe
485 3331 535 3385 der
553 3331 594 3384 hl.
611 3330 725 3384 Justine
743 3329 824 3399 dege,
844 3329 902 3383 und
920 3328 993 3382 viele
1011 3327 1158 3392 mehlen,
1178 3328 1242 3382 dese
1258 3343 1280 3381 er

135 3419 189 3473 mit
207 3418 271 3473 dem
297 3417 371 3472 leibe
397 3417 446 3472 des
463 3417 503 3472 hl.
521 3419 612 3487 apost.
630 3417 756 3472 Iethias
773 3435 828 3472 rou
857 3416 949 3471 einem
966 3416 1009 3468 hl.
1027 3414 1148 3469 Ursinus
1176 3415 1281 3470 dorthin

134 3506 274 3576 gebracht
292 3504 405 3560 worden
422 3505 470 3559 sei.
506 3504 558 3560 Die
575 3505 688 3575 angebo
700 3506 845 3560 Welthers
863 3505 966 3559 beruht
984 3505 1053 3558 uber
1071 3506 1222 3569 trotzdem,
1239 3503 1282 3557 uie

135 3593 195 3649 dies
221 3593 307 3648 echon
334 3592 396 3647 ihre
413 3591 620 3648 besummrneit
644 3594 702 3648 und
721 3593 959 3648 susf‘nhrlichkeit
978 3593 1110 3657 benicet,
1139 3594 1218 3648 nicht
1243 3588 1284 3646 auf

136 3684 229 3737 einem
243 3682 386 3744 rereehen,
405 3681 526 3736 sondern
538 3682 661 3751 grundet
679 3683 739 3736 sich
758 3683 811 3736 tul
825 3681 871 3736 die
885 3680 1042 3744 thutsnche,
1060 3680 1128 3734 dees
1146 3681 1194 3736 die
1205 3680 1282 3734 Mino

136 3770 211 3825 riten
233 3769 277 3825 hei
295 3786 316 3825 s.
335 3769 390 3825 Job
407 3767 439 3822 in
457 3767 584 3838 Venedig
607 3769 662 3823 den
680 3769 780 3824 eehtcn
803 3768 862 3823 lerh
879 3769 929 3823 des
948 3768 988 3821 hl.
1007 3767 1097 3822 lineas
1115 3787 1152 3822 su
1171 3769 1284 3824 beeitzen

136 3859 338 3928 behsnpteten.
375 3856 429 3910 liin
447 3855 528 3911 streit
547 3856 683 3911 rwischen
701 3856 788 3912 ihnen
805 3855 864 3910 und
883 3855 938 3909 den
956 3854 1185 3922 Benedictinern,
1203 3857 1284 3911 denen

136 3945 182 4000 die
198 3944 296 3999 kirche
313 3962 335 3999 s.
353 3942 467 3997 lustina
484 3942 515 3997 in
528 3944 627 3998 Padus
645 3944 771 4014 gehorte,
790 3943 885 3998 wnrde
902 3943 942 3996 im
961 3943 1096 4012 anftrsge
1117 3944 1169 3999 des
1181 3945 1284 4015 papates

138 4033 203 4086 Pius
220 4033 246 4086 ll
267 4050 331 4088 rom
349 4030 478 4086 cardiml
499 4031 644 4087 Bessarion
668 4049 714 4085 am
733 4034 758 4084 9.
777 4032 841 4087 Dec.
862 4033 930 4086 llos
947 4029 1006 4084 und
1024 4047 1101 4084 :wer
1119 4049 1156 4084 nu
1175 4033 1286 4102 gumten

139 4121 189 4173 der
208 4119 361 4174 hlinoriten
378 4118 567 4174 entschieden.
603 4118 788 4174 Anssnhrlich
805 4120 851 4174 bei
869 4119 973 4172 Wudd.
992 4120 1066 4171 dnn.
1086 4119 1164 4184 XlIl,
1183 4119 1234 4174 271
1252 4116 1286 4172 his

139 4205 201 4259 278.
237 4205 302 4260 Dies
319 4206 358 4260 ist
376 4205 422 4260 die
440 4204 626 4270 confirmetio,
643 4205 689 4260 die
709 4205 840 4259 Walther
860 4205 1020 4259 intumlieh
1045 4204 1111 4259 dem
1130 4210 1234 4278 papste
1250 4223 1287 4260 ru·

140 4291 272 4348 schreibt.
308 4282 448 4363 librigeus
466 4310 543 4347 mnes
554 4292 630 4347 diese
641 4292 845 4361 enlsoheidung
862 4310 916 4346 nnr
928 4291 1021 4361 wenig
1034 4292 1137 4348 heifnll
1151 4294 1287 4364 gerunden

139 4378 240 4441 haben,
263 4380 299 4434 de
320 4380 377 4434 elle
394 4379 487 4450 pilger
512 4379 562 4434 der
580 4381 864 4449 entgegengesetsten
883 4379 1024 4434 tradition
1042 4380 1150 4450 folgen
