2842 5070
677 335 741 402 208

136 530 249 592 aspera
272 510 394 575 661116
417 512 449 573 et
472 510 783 589 6166166166616616,
808 514 840 575 et
863 515 985 577 erectus
1010 518 1173 578 66116666
1197 514 1280 598 quasi

136 636 281 680 ascensus
304 616 391 680 tecti.
438 615 479 678 Et
504 615 652 679 descensu
683 615 743 679 leci
767 638 872 680 casum
895 618 987 682 valde
1009 620 1228 702 periculosum
1249 621 1281 683 de

136 721 272 806 quadam
294 725 394 804 petra,
419 723 451 784 et
472 719 534 782 nisi
552 720 696 783 dominns
720 726 753 786 et
774 721 867 785 beata
883 721 1060 788 Katherina
1076 726 1282 790 custodissent

134 853 195 909 me,
219 827 437 891 indubitanter
451 829 597 889 mortuus
614 824 745 890 fuissem
761 826 781 890 ¹.
829 827 870 890 Et
885 829 925 891 ,16
941 851 1054 894 occasu
1069 830 1146 894 solis
1163 852 1282 895 eramus

135 959 204 1001 cum
230 932 344 998 ceteris
360 930 538 1013 peregrinis
561 930 593 993 in
617 932 768 1013 pomerio.
814 932 856 996 ut
880 937 1040 999 transacta
1063 941 1160 1000 nocte
1182 958 1281 1014 mane,

135 1041 215 1106 feria
239 1037 351 1122 quinta
375 1035 430 1116 [25
455 1032 558 1117 sept]
591 1037 665 1099 ante
688 1035 871 1116 Michaelis,
901 1039 999 1103 ceteri
1021 1041 1189 1124 peregrini
1218 1063 1281 1104 sur-

135 1147 286 1211 rexerunt
301 1142 380 1205 hene
395 1143 460 1204 tres
476 1139 571 1204 horas
586 1145 660 1205 ante
675 1141 768 1219 diem,
794 1147 989 1208 assumentes
1004 1145 1125 1209 socium
1141 1150 1281 1210 nostrum

135 1255 268 1334 propter
289 1247 416 1324 idioma,
440 1249 473 1309 et
488 1246 633 1309 exierunt
655 1235 825 1311 inlumina
847 1248 931 1329 lune,
956 1255 986 1314 et
1002 1251 1215 1314 ascenderunt
1237 1255 1279 1313 at·

136 1377 197 1440 que
219 1352 448 1418 descenderunt
471 1351 551 1415 salvi
574 1354 717 1416 montem
739 1351 836 1438 Synai
860 1358 967 1418 sancte
983 1353 1163 1418 Katherine
1186 1375 1281 1437 usque

135 1462 173 1525 ad
189 1460 299 1523 horam
315 1456 523 1534 undecimam,
545 1457 694 1536 videlicet
709 1457 855 1522 dominus
871 1458 1058 1524 Vernandus
1079 1460 1119 1523 de
1135 1459 1280 1536 Mernaw,

135 1572 167 1629 et
190 1564 335 1629 dominus
351 1561 527 1626 Smasmam
551 1561 588 1625 de
606 1561 814 1646 Rappelstein
837 1586 910 1629 cum
932 1565 1045 1629 ceteris
1067 1564 1234 1629 nobilibus
1256 1568 1281 1627 et

135 1670 330 1757 ignobilibus
343 1666 365 1732 ².
412 1667 453 1730 Et
486 1667 570 1730 facta
599 1668 772 1732 collatione
803 1670 837 1733 in
869 1671 1000 1735 meridie
1033 1671 1164 1735 adducti
1198 1673 1280 1733 erant

135 1797 242 1842 omnes
272 1774 368 1852 asini,
399 1794 478 1856 quos
509 1773 618 1836 statim
640 1774 856 1853 ascendimus,
888 1782 919 1840 et
943 1776 1156 1860 equitavimus
1179 1794 1282 1849 versus,

135 1884 280 1948 dextram
301 1901 431 1943 manum
454 1878 668 1942 descendendo
704 1901 762 1962 per
785 1881 937 1945 16116611.
984 1881 1026 1945 Et
1060 1903 1132 1945 cnm
1162 1899 1278 1944 eramus

135 1986 317 2071 apomerio
351 1985 388 2048 ad
424 1984 484 2047 duo
507 1983 646 2047 miliaria
676 1985 803 2063 italica,
837 1986 977 2050 ostendit
1007 1986 1101 2050 nobis
1126 1987 1227 2050 frater
1249 1985 1277 2047 de

133 2090 327 2157 monasterio
351 2088 442 2152 uobis
477 2088 644 2153 adiunctus
676 2096 817 2173 petram,
853 2113 949 2174 quam
971 2093 1130 2175 percussit
1153 2091 1276 2176 Moyses,

135 2203 167 2262 et
182 2198 343 2260 fluxerunt
359 2216 440 2278 aque
464 2193 653 2277 largissime,
669 2195 752 2259 sicut
767 2195 898 2278 legitur,
923 2197 1006 2280 quod
1023 2198 1183 2281 percussit
1198 2198 1275 2277 virga

135 2303 183 2365 bis
206 2301 339 2377 silicem,
365 2303 397 2363 et
419 2299 517 2364 tertio
534 2299 629 2363 dabat
651 2322 748 2383 aquas
763 2299 969 2384 largissimas,
995 2306 1027 2365 et
1051 2303 1206 2366 biberunt
1227 2299 1272 2364 filii

134 2405 257 2471 Israhel
286 2409 320 2468 et
342 2405 442 2468 bestie
466 2425 572 2468 eorum
587 2404 609 2469 ⁴.
655 2403 738 2469 Item
761 2405 975 2470 descendendo
1005 2407 1125 2470 iterum
1148 2406 1271 2489 amplius

134 2509 322 2594 pervellem
346 2509 428 2573 forte
451 2510 490 2574 ad
513 2511 576 2574 tria
590 2511 729 2575 miliaria
746 2512 854 2576 italica
869 2514 1012 2577 venimus
1036 2514 1189 2578 adunam
1212 2513 1266 2595 pla·

136 2617 258 2695 nitiem‚
283 2617 321 2680 ad
345 2615 433 2680 cuius
449 2615 577 2680 initium
602 2617 639 2681 ad
656 2617 817 2680 sinistram
833 2640 960 2681 manum
986 2618 1019 2680 iu
1043 2619 1164 2702 angulo
1187 2639 1267 2702 appa·

699 2749 717 2783 ’k

134 2847 196 2903 6166
214 2859 379 2912 messuugen
401 2842 545 2911 folgende:
574 2843 630 2895 Das
650 2842 915 2897 Katharinakloster
934 2841 1004 2912 liegt
1024 2843 1108 2907 1528,
1133 2841 1264 2896 (116111111-

133 2932 246 3002 hapelle
264 2931 340 2993 2097,
360 2929 408 2983 der
427 2929 514 2999 gipfel
535 2929 581 2984 des
600 2929 692 3000 djebel
712 2929 791 2983 Musa
808 2929 909 2998 (Sinai)
924 2931 1012 2992 2244,
1042 2930 1093 2983 das
1112 2929 1215 2984 kloster
1229 2927 1263 2980 der

134 3023 168 3075 40
182 3021 323 3087 martyrer
339 3018 405 3071 1110
425 3018 483 3071 und
502 3018 550 3072 dar
564 3017 653 3087 gipfel
672 3017 1117 3086 (16611611161166161366260216
1136 3017 1202 3072 fiber
1217 3016 1262 3068 den

133 3124 231 3163 meere.
268 3105 351 3162 Baed.
370 3105 458 3159 Karta
476 3123 510 3158 zu
529 3107 580 3160 512
598 3105 656 3158 und
676 3107 726 3160 516
746 3106 829 3161 sowie
847 3107 916 3160 text.
954 3105 1017 3174 Vgl.
1036 3103 1082 3159 die
1101 3108 1187 3160 etwas
1205 3101 1260 3157 rudi·

134 3197 261 3250 61661616
279 3194 433 3261 neichnung
451 3191 549 3246 Febris
567 3192 603 3257 ΙΙ,
621 3195 683 3246 417.

206 3284 219 3336 1
242 3281 312 3335 »Der
323 3280 395 3348 Weg
413 3279 450 3332 ist
469 3279 532 3334 steil
552 3280 610 3334 und
628 3280 849 3337 beschwerlichc.
878 3280 961 3334 Baed.
976 3282 1036 3337 530.
1065 3281 1150 3335 Fabri
1162 3281 1194 3346 11,
1211 3276 1259 3332 461:

136 3369 332 3424 ›Ascendimus
345 3384 411 3436 ergo
424 3369 549 3422 montem
566 3384 616 3436 per
629 3366 706 3421 viam
719 3367 883 3436 longiorem,
903 3367 1077 3437 asperiorem·
1093 3371 1122 3423 et
1134 3368 1258 3423 duriorem.

133 3475 183 3528 per
195 3456 286 3511 invias
302 3454 463 3524 crepidines,
478 3472 529 3524 per
540 3456 666 3525 scopulos
679 3457 853 3524 praeruptos,
866 3472 915 3525 per
928 3457 1024 3525 petras
1037 3454 1257 3525 superpendentes

133 3563 182 3614 per
201 3544 321 3597 minaces
340 3560 429 3612 rupes,
448 3559 498 3612 per
516 3543 663 3597 horribiles
682 3544 771 3596 saltus
784 3559 887 3612 perque
898 3542 1067 3612 praecipites
1087 3543 1195 3598 clivos«.
1213 3536 1258 3591 lon

133 3649 261 3688 66661616
280 3631 349 3685 iiber
367 3632 400 3684 60
410 3631 493 3699 jabre
506 3630 584 3684 alten
597 3630 727 3684 Walther
740 3647 798 3683 war
811 3630 885 3685 diese
899 3631 1069 3700 basteigung
1082 3631 1142 3685 eine
1156 3624 1257 3691 tsrchtigr

131 3722 262 3788 leistung.
335 3718 351 3771 2
370 3716 454 3771 Fabri
467 3717 565 3781 11,475
579 3718 690 3771 machte
709 3717 778 3771 auch
792 3716 865 3772 diere
878 3717 1046 3788 bestetgung
1059 3719 1119 3774 mit.
1189 3717 1202 3770 3
1218 3713 1257 3765 Dal

132 3808 235 3862 bereits
254 3807 397 3876 genannte
415 3806 477 3859 thal
497 3804 632 3874 el-Ledja.
738 3808 756 3859 4
775 3805 858 3859 Fabri
878 3807 1007 3861 6111111161
1028 3807 1129 3872 11480
1148 3797 1257 3860 amende

30 3929 32 3936 ·
134 3894 181 3953 'des
200 3900 315 3966 gartens
334 3896 379 3949 die
398 3895 481 3950 hohle
500 3895 548 3949 des
561 3894 701 3962 06611166,
720 3896 824 3950 welche
844 3896 874 3948 in
894 3896 956 3950 6166
975 3895 1090 3965 hapelle
1109 3883 1256 3949 vernandell

133 4004 191 4040 war
210 3985 267 4038 und
286 3985 369 4038 beute
395 3983 465 4038 noch
484 3983 594 4053 gezeigt
612 3985 689 4039 wird.
726 3981 893 4048 1111061116,
914 3984 973 4038 Pal.
993 3985 1027 4048 Il,
1047 3983 1108 4038 389.
1143 3968 1210 4034 liber
1224 3969 1255 4024 dit

133 4072 250 4142 legende
277 4069 881 4142 (166111,06616661310661611133311.
919 4073 951 4125 lu
970 4072 1059 4140 bezug
1088 4069 1137 4125 aul
1158 4068 1197 4121 die
1212 4060 1255 4115 111

134 4162 254 4228 fernung
272 4159 320 4213 des
338 4159 439 4213 felsens
457 4159 505 4214 des
520 4159 606 4214 Moses
625 4161 691 4227 sagt
708 4177 739 4212 er
757 4177 827 4212 nur:
848 4159 982 4213 »ulterius
1001 4157 1143 4228 progressi
1156 4151 1254 4209 16111111

133 4247 168 4301 ad
196 4266 281 4301 unam
310 4247 481 4315 singularem
503 4248 640 4316 petram«.
677 4246 822 4300 Walthers
841 4245 1065 4316 distanzangabe
1093 4246 1131 4299 ist
1157 4235 1254 4299 offertur

134 4352 167 4386 66
185 4333 264 4404 groll,
284 4335 357 4389 denn
375 4335 423 4390 dor
443 4334 532 4390 felseu
543 4332 614 4388 wird
632 4334 662 4388 in
681 4334 757 4388 61661
772 4333 1013 4404 entfernung·v0u
1032 4335 1066 4389 20
1079 4335 1199 4387 61166161
1209 4333 1253 4378 vom

132 4423 237 4477 kloster
255 4423 374 4494 gezeigt.
414 4423 495 4478 Baed.
513 4423 573 4479 529.
