2842 5070
700 303 742 372 82

146 508 228 554 novo
243 509 334 570 pane,
351 505 424 548 nam
434 483 633 547 comedentes
650 482 825 548 inciderent
837 486 1025 561 amentiam
1042 490 1074 549 et
1090 509 1154 552 non
1170 494 1292 571 potera·

143 616 212 659 mus
223 595 302 658 bene
313 591 430 655 habere
440 609 538 672 panes
550 592 582 653 et
592 611 716 654 eramus
726 591 868 654 contenti
882 590 919 653 de
930 591 1060 674 piscatis
1073 593 1195 656 nostris
1206 592 1236 658 ¹!
1258 595 1293 658 In

143 699 251 763 eadem
264 697 393 762 civitate
405 695 502 758 habet
512 694 589 758 ordo
599 692 868 758 Theutonicorum
880 718 975 759 unam
985 696 1114 761 domum
1127 696 1140 732 ²
1155 703 1189 762 et
1198 722 1293 764 unum

143 789 215 868 cum
230 803 343 867 habitu
359 800 641 878 Theutonicorunr,
666 802 775 863 natum
791 801 829 863 de
845 799 1035 885 Mergeten³
1052 787 1291 870 de'Franconia

143 908 184 972 Et
206 908 241 971 in
264 907 375 972 eadem
398 907 490 970 domo
514 909 582 969 erat
605 906 753 989 princeps
775 904 956 988 hospitatus
978 928 1051 972 cum
1073 908 1159 988 suis,
1189 914 1221 973 et
1243 909 1293 972 ille

143 1013 288 1078 dominus
312 1012 432 1077 ordinis
454 1010 725 1076 Theutonicorum
748 1011 826 1076 fecit
848 1013 926 1076 satis
948 1012 1127 1077 liberaliter
1152 1018 1185 1078 et
1208 1036 1291 1078 reve

138 1101 250 1183 ¹renter
272 1117 429 1197 omnibus,
452 1117 530 1181 licet
552 1116 715 1182 solverunt
739 1121 841 1181 totum
866 1123 923 1183 etc.
970 1117 1009 1181 In
1032 1119 1142 1183 eadem
1166 1120 1291 1184 civitate

141 1225 278 1289 vidimus
303 1223 437 1300 Grecos,
461 1222 637 1309 Zygineros
652 1221 676 1301 ⁴,
701 1221 847 1301 Mauros,
875 1241 1017 1306 paganos
1040 1228 1073 1287 et
1096 1223 1291 1288 Christianos

142 1336 174 1394 et
189 1329 358 1413 presertim
380 1332 445 1392 tres
467 1328 518 1391 vel
542 1330 732 1411 dpaganos,
758 1328 813 1411 qui
830 1327 1011 1392 hahuerunt
1033 1328 1145 1392 decem
1169 1335 1202 1392 et
1224 1351 1290 1412 sep-

141 1437 208 1498 tem
223 1433 377 1516 Ethiopes
401 1431 451 1496 vel
468 1431 596 1495 Mauros
619 1432 762 1515 captivos
777 1432 903 1496 venales
915 1430 938 1496 ⁶.
984 1431 1044 1496 Sed
1062 1434 1185 1497 nostris
1201 1433 1289 1498 chri-

140 1538 251 1603 stianis
268 1537 440 1601 noluerunt
454 1536 600 1614 vendere,
624 1557 663 1599 ne
680 1536 885 1619 pervenirent
908 1537 947 1600 ad
970 1537 1081 1612 fidem;
1106 1541 1140 1602 et
1163 1539 1289 1603 fuerunt

140 1644 267 1708 iuvenes
290 1641 388 1705 fortes
420 1644 454 1704 et
483 1662 548 1704 una
577 1640 644 1704 sola
667 1641 802 1724 parvula
824 1640 933 1724 puella
956 1641 1040 1706 forte
1062 1643 1171 1728 decem
1196 1666 1288 1708 anno·

140 1771 221 1813 rum.
266 1747 309 1811 Et
324 1744 442 1830 pagani
459 1749 632 1809 tenuerunt
648 1767 700 1810 eos
716 1768 789 1811 cum
805 1747 885 1825 cibo,
909 1746 992 1811 sicut
1007 1769 1100 1812 canes
1124 1749 1160 1812 in
1176 1750 1289 1814 nostris

139 1855 284 1938 partibus
306 1852 447 1916 aluntur.
492 1851 530 1915 In
562 1852 669 1915 eadem
692 1852 822 1915 civitate
852 1851 917 1915 fuit
946 1852 1066 1917 dictum
1089 1854 1231 1938 principi
1260 1861 1288 1919 et

139 1960 286 2044 pluribus
310 1959 472 2024 nobilibus
496 1979 515 2020 a
538 1957 675 2041 quodam
697 1958 906 2040 predicatore,
939 1959 1096 2042 quomodo
1121 1961 1287 2024 audivisset

139 2067 241 2130 afide
264 2066 384 2150 dignis,
408 2064 491 2149 quod
514 2063 600 2145 ignis
622 2062 897 2127 descendisset-de
920 2062 1006 2140 celo,
1029 2066 1062 2127 et
1084 2066 1287 2146 percussisset

139 2191 209 2234 ossa
232 2166 425 2234 Ma'ohometi
448 2170 482 2232 in
505 2167 618 2232 Mecha
641 2168 672 2231 in
698 2168 892 2251 profundum
908 2168 1079 2248 infernum,
1103 2191 1233 2253 rogans,
1254 2176 1286 2233 ut

139 2274 311 2359 diligenter
327 2273 560 2357 inquireremus
577 2272 754 2336 veritatem.
802 2272 843 2336 ΙΙΙ
866 2272 986 2337 dehoc
1009 2274 1143 2358 negotio
1166 2277 1284 2358 patebit

140 2379 225 2443 infra
240 2401 297 2442 suo
313 2379 390 2443 loco.
440 2378 480 2441 Et
496 2381 623 2460 sumpta
640 2399 718 2442 cena
734 2378 766 2440 in
783 2378 875 2442 domo
892 2375 1166 2444 Theutonicorum
1182 2402 1284 2446 omnes

138 2484 222 2548 circa
244 2484 487 2568 completorium
509 2485 710 2547 intraverunt
733 2483 866 2567 galeam.

227 2590 267 2654 Et
291 2611 382 2654 mane
416 2588 448 2651 in
473 2610 587 2653 aurora
622 2588 655 2651 in
687 2588 738 2652 die
773 2588 848 2653 lune
872 2587 919 2674 [p.
944 2589 1002 2676 46]
1037 2595 1069 2655 et
1099 2591 1207 2674 prima
1239 2593 1283 2656 die

137 2695 254 2759 mensis
276 2694 357 2759 Julii
381 2699 414 2758 et
437 2695 470 2757 in
493 2699 605 2771 octava
627 2692 783 2757 Johannis
806 2697 839 2758 et
854 2695 965 2779 vigilia
976 2695 1124 2781 Virginis
1148 2697 1280 2782 gloriose

137 2799 341 2864 Visitationis
357 2806 524 2864 traxerunt
539 2800 703 2877 anchoras,
728 2805 759 2862 et
777 2801 994 2883 navigavimus
1009 2801 1106 2882 lente,
1132 2804 1209 2886 quia
1224 2825 1280 2866 non

137 2905 305 2969 habuimus
328 2910 458 2970 ventum
485 2906 641 2983 validum,
674 2908 706 2968 et
743 2905 862 2969 relictis
895 2906 1058 2970 montibus
1088 2908 1130 2972 in·
1157 2910 1282 2972 sinistra

136 3015 244 3093 parte,
276 3015 308 3074 et
330 3011 525 3075 ascendimus
547 3032 634 3075 mare
656 3011 772 3090 altum,
808 3014 840 3074 et
863 3012 1040 3076 dimisimus
1068 3013 1156 3078 viam
1180 3035 1280 3079 versus

702 3117 719 3146 ἱ·

139 3185 168 3242 ¹la
188 3184 268 3238 einen
287 3200 387 3238 remus.
424 3183 550 3238 hetztere
575 3182 641 3237 awai
660 3183 887 3253 bezeichnungen
906 3184 980 3239 finde
1007 3185 1052 3239 ich
1072 3185 1208 3257 fibrigens
1235 3204 1280 3240 nur

135 3272 180 3326 bei
199 3271 340 3326 Walther.

154 3399 157 3402 -
207 3360 219 3413 l
244 3358 336 3413 Dieser
346 3359 514 3414 sonderbare
523 3358 695 3427 aberglauhe
706 3360 745 3413 ist
756 3362 834 3415 sonat
846 3360 980 3430 nirgends
991 3361 1129 3415 erwthnt
1165 3363 1183 3414 2
1196 3353 1279 3416 Dieses

134 3447 204 3502 hans
223 3446 292 3500 wird
311 3446 383 3500 auch
402 3464 455 3502 von
475 3446 560 3501 Fabri
578 3448 599 3511 l,
616 3447 651 3501 39
670 3464 698 3502 u.
719 3449 783 3511 165,
802 3447 851 3512 ΙΙΙ,
870 3449 920 3502 331
941 3447 1078 3502 arwthnt.
1115 3449 1277 3518 Grdneberg,

134 3534 184 3589 der
202 3536 220 3588 4
235 3534 317 3604 jahre
336 3535 407 3588 nach
427 3534 557 3590 Walther
577 3534 641 3591 dort
660 3553 734 3598 var,
762 3536 874 3592 wohnte
902 3535 931 3589 in
952 3536 1115 3591 demselben
1143 3539 1201 3592 und
1228 3535 1280 3591 traf

135 3625 216 3678 einen
244 3622 395 3678 deutschen
423 3623 608 3678 ordensritter
636 3623 764 3679 Jcbannt
782 3639 839 3678 von
863 3623 986 3686 Hnssen;
1016 3625 1121 3680 ebenso
1140 3625 1277 3693 Parsberg.

135 3712 220 3766 Rb'hr.
240 3712 315 3769 Meis.
336 3711 368 3764 D.
387 3710 458 3780 pilg.
479 3712 537 3768 153.
556 3713 615 3766 216.
652 3712 851 3782 Zuhudolphs
880 3711 971 3766 seiten
989 3711 1082 3782 (1340)
1113 3714 1216 3768 hatten
1241 3713 1277 3765 die

135 3800 287 3854 deutschen
299 3800 400 3854 herren
413 3799 484 3853 auch
502 3799 532 3854 in
541 3799 637 3854 Morea
649 3799 820 3855 »fortissima
829 3802 947 3854 castras
977 3799 1071 3868 Deyks
1082 3801 1127 3856 23.
1182 3807 1199 3858 3
1216 3802 1276 3856 Mer·

133 3888 288 3957 gentheim.
394 3887 481 3942 4Die
498 3887 643 3957 Ziganner,
662 3906 717 3944 von
736 3887 791 3942 den
811 3887 930 3942 meisten
943 3887 1057 3957 pilgern
1074 3887 1273 3944 hiererwthnt.
1325 3896 1327 3921 ¹

132 3977 233 4029 hatten
252 3976 324 4029 nach
353 3975 401 4029 der
420 3975 608 4044 allgemeinen
626 3976 737 4031 ansicht
766 3977 815 4030 der
833 3975 997 4045 damaligen
1024 3975 1080 4031 seit
1099 3977 1162 4034 ihre
1180 3975 1273 4032 heimat

132 4063 162 4116 in
181 4063 230 4117 der
255 4059 330 4117 'nthe
350 4080 403 4118 von
425 4062 535 4119 Medon.
572 4064 702 4132 Conrady
720 4065 754 4117 99
772 4064 792 4119 f.
830 4063 913 4119 Harff
929 4065 961 4119 67
981 4068 1072 4119 nennt
1103 4066 1149 4120 ihr
1169 4064 1272 4121 heimat·

133 4151 201 4205 land
221 4150 344 4221 ›Gyppe,
363 4153 414 4206 dat
427 4151 577 4219 umbtrynt
589 4152 722 4206 veirtzioh
734 4152 823 4222 mijlie
833 4169 890 4206 van
908 4151 958 4206 der
967 4151 1049 4206 stadt
1062 4152 1167 4210 Modon
1180 4153 1270 4223 lijcht.‹

132 4239 197 4306 Vgl.
215 4238 300 4292 Fabri
318 4240 367 4306 ΙΙΙ,
386 4239 445 4294 338.
519 4243 534 4294 5
552 4239 624 4296 Vom
647 4240 870 4295 sklavenhandel
884 4241 918 4309 'in
931 4240 1034 4296 Modon
1053 4240 1130 4297 finde
1147 4243 1192 4296 ich
1210 4238 1271 4296 sonat

134 4326 216 4380 keine
235 4328 318 4382 notia.
355 4328 435 4383 Nach
456 4328 538 4383 Fabri
556 4329 605 4391 ΙΙΙ,
620 4330 670 4383 361
688 4329 802 4383 worden
823 4328 908 4385 schon
926 4328 956 4382 in
974 4327 1073 4397 Rogas
1092 4329 1207 4384 sklaven
1224 4342 1271 4381 ver·

132 4413 230 4480 bault,
240 4415 412 4470 arrsfdhrlieh
426 4417 546 4472 handelt
557 4433 658 4473 ervom
669 4417 892 4472 sklavenhandel
901 4416 930 4470 in
946 4405 1196 4482 Alexandricnlll,
1208 4411 1269 4470 ldlf.
