2842 5070
676 319 741 387 288

135 496 222 580 grini
243 496 375 559 visitant
398 494 501 559 locum
525 493 711 579 frequenter
733 496 774 559 ab
797 501 887 559 extra
909 496 948 559 ad
971 495 1098 579 gradus.
1146 495 1189 559 Et
1211 501 1282 559 sunt

133 602 179 665 ibi
202 601 345 685 plenarie
368 599 575 683 indulgentie.
621 598 781 664 Officiales
814 599 936 664 soldani
971 600 1082 665 dicunt
1113 601 1227 681 modo,
1260 601 1282 663 si

134 704 291 770 Catholici
306 705 425 768 vellent
448 705 523 768 dare
549 709 707 768 trecentos
730 704 870 783 uocaus,
893 704 954 787 ipsi
976 704 1098 769 vellent
1113 705 1284 788 impetrare

131 834 150 874 a
176 831 261 894 rege,
285 818 322 872 ut
344 808 546 892 permitteret
561 806 752 894 reedificari.
799 805 860 872 Sed
882 830 974 872 nemo
998 808 1064 872 illis
1087 810 1188 887 dabit,
1213 811 1283 894 quia

133 915 307 980 timendum
334 917 400 990 est,
435 912 461 975 si
492 912 556 976 iam
579 913 788 995 recepissent,
812 917 884 996 post
907 934 1023 996 paucos
1046 935 1147 978 anuos
1171 916 1282 978 iterum

134 1022 343 1097 destruerent,
367 1017 414 1081 vel
440 1020 489 1081 tot
512 1016 642 1081 ducatos
666 1017 783 1080 habere
805 1017 935 1082 vellent.

180 1125 228 1189 De
252 1124 331 1201 loco,
354 1122 409 1187 ubi
432 1121 571 1187 Jacobus
594 1122 700 1186 minor
722 1121 786 1185 fuit
808 1123 973 1186 ordinatus
996 1123 1027 1187 in
1054 1123 1237 1207 episcopum

547 1225 874 1293 lherosolimitanum.

221 1386 227 1399 .
252 1385 259 1399 .
285 1384 292 1398 .
318 1335 364 1418 [p.
389 1331 470 1419 267]
497 1381 503 1396 .
530 1384 536 1396 .
563 1383 570 1397 .
603 1332 668 1396 1919
690 1332 794 1412 locus,
819 1335 852 1398 in
876 1356 939 1419 quo
961 1334 1024 1399 fuit
1047 1334 1217 1419 episcopus
1239 1332 1281 1394 in-

133 1441 277 1520 stitutus,
301 1440 403 1503 estin
428 1440 536 1502 monte
552 1437 636 1523 Sycn
661 1443 752 1503 extra
774 1439 948 1520 ecclesiam,
975 1441 1061 1504 inter
1083 1438 1281 1524 cymiterium

133 1543 271 1608 fratrum
303 1550 335 1607 et
358 1543 551 1608 cimiterium
575 1543 713 1607 aliorum
736 1541 1012 1620 Christianorum
1049 1548 1082 1608 et
1105 1543 1184 1608 olim
1220 1546 1281 1604 erat

132 1649 218 1711 intra
251 1649 433 1726 eeclesiam,
482 1647 535 1710 sed
568 1647 661 1711 modo
695 1646 816 1710 nullam
851 1647 947 1711 habet
977 1651 1194 1723 structuram,
1235 1644 1282 1708 sed

133 1754 215 1836 lapis
237 1755 367 1837 grandis
390 1756 422 1817 in
447 1752 517 1817 loco
541 1752 573 1816 in
596 1753 720 1836 pariete
742 1751 888 1835 signatus
911 1757 961 1816 est
983 1772 1092 1830 cruce,
1116 1758 1149 1815 et
1173 1750 1217 1813 ibi
1240 1749 1280 1811 vi·

135 1859 253 1922 sitatur
275 1858 464 1923 afratribus
488 1862 519 1921 et
541 1856 615 1920 aliis
630 1855 821 1920 Christianis
836 1856 1031 1943 frequenter.
1081 1857 1122 1919 llt
1144 1861 1221 1920 sunt
1242 1853 1280 1917 ibi

135 1963 336 2048 indulgentie
358 1968 477 2046 septem
501 1982 658 2025 annorum
681 1966 713 2025 et
736 1966 857 2044 septem
881 1983 1067 2027 catenarum
1084 1961 1107 2024 ¹.

324 2067 371 2131 De
393 2067 547 2132 electione
568 2065 724 2150 Stephani
747 2072 781 2131 et
803 2069 870 2132 eius
892 2068 1100 2151 lapidatione.

222 2223 230 2239 .
255 2222 262 2237 .
287 2220 295 2236 .
321 2173 365 2257 [p.
382 2171 460 2255 268]
485 2221 492 2236 .
517 2221 524 2235 .
549 2223 556 2237 .
592 2171 658 2235 1919
680 2172 767 2236 locus
782 2171 988 2255 lapidationis
1011 2171 1113 2236 sancti
1131 2168 1278 2252 Stephani

133 2300 196 2342 non
220 2279 316 2361 longe
338 2299 357 2340 a
379 2281 474 2360 porta
496 2277 638 2341 civitatis
661 2278 695 2340 in
718 2278 798 2360 pede
820 2277 938 2341 montis
954 2277 1057 2341 Moria
1081 2277 1115 2340 in
1132 2275 1215 2340 valle
1228 2272 1277 2338 Jo-

132 2383 248 2465 saphat
270 2404 371 2466 prope
387 2383 550 2448 ecclesiam
574 2384 666 2447 beate
681 2382 835 2466 virginis3
859 2387 892 2447 et
914 2383 1003 2447 iuxta
1023 2382 1160 2445 eundem
1182 2381 1276 2444 locum

133 2493 180 2552 est
203 2489 300 2568 locus,
322 2488 378 2552 ubi
395 2486 508 2552 Saulus
532 2487 633 2564 stetit,
656 2492 689 2551 et
711 2488 909 2552 custodiebat
924 2489 1116 2552 vestimenta
1138 2486 1274 2568 lapidan-

133 2595 223 2658 tium.
263 2594 305 2658 Et
320 2594 414 2659 hodie
427 2594 601 2658 visitantur
619 2599 650 2658 et
666 2594 876 2658 ostenduntur
891 2594 984 2658 ambo
1000 2593 1069 2657 loca
1086 2589 1273 2676 peregrinis;

112 2687 190 2764 ¹nec
213 2699 257 2762 ibi
282 2704 330 2762 est
353 2698 461 2783 aliqua
484 2698 615 2763 ecclesia
644 2719 702 2762 nec
723 2698 856 2761 minima
878 2701 1056 2771 structura3
1088 2701 1120 2759 et
1144 2696 1188 2758 ibi
1210 2697 1274 2756 sunt

132 2803 332 2887 indulgentie
355 2808 475 2886 septem
500 2824 656 2867 annorum
679 2806 712 2866 et
735 2806 858 2885 septem
881 2823 1066 2866 carenacum
1082 2799 1104 2866 ¹.

185 2907 231 2970 De
254 2908 333 2987 loco,
357 2908 390 2972 in
416 2929 478 2991 quo
500 2908 638 2990 apostoli
661 2907 841 2991 symbolum
865 2909 1123 2990 composuerunt,
1147 2910 1180 2970 et
1201 2905 1235 2967 de

506 3012 735 3095 compositione
758 3011 906 3076 eiusdem.

221 3116 301 3182 Cum
316 3116 454 3200 apostoli
478 3117 567 3201 quasi
592 3121 693 3180 totam
708 3115 844 3181 Judeam
860 3115 1102 3195 convertissent,
1127 3165 1159 3181 ..
1178 3164 1185 3179 .
1208 3135 1269 3178 con-

701 3243 721 3278 il·

134 3343 166 3398 D.
186 3343 255 3412 pilg.
268 3343 314 3411 81)
332 3342 389 3397 und
402 3343 527 3397 Loebner
545 3340 695 3412 (Geisheim
707 3342 769 3409 231)
788 3341 859 3397 noch
878 3340 939 3395 eine
957 3340 1070 3409 hapelle
1088 3358 1126 3395 an
1144 3341 1193 3397 der
1204 3339 1270 3394 atelle

133 3432 182 3485 der
208 3429 461 3499 geistausgiessung
487 3429 582 3484 sahen.
621 3431 684 3499 Vgl.
703 3429 853 3485 besonders
871 3429 1001 3498 Conrady
1020 3447 1041 3484 s.
1063 3431 1113 3486 130
1133 3428 1270 3485 911111291.

133 3518 229 3571 Dieser
249 3517 334 3572 sowie
351 3516 400 3570 der
418 3517 489 3572 oben
508 3534 528 3570 s.
548 3517 598 3570 271
618 3516 805 3586 besprochene
823 3516 925 3571 irrtum
944 3517 1090 3571 Walthers
1110 3517 1219 3571 ktnnen
1235 3513 1269 3567 die

134 3603 365 3672 zuverlbsaigkeit
383 3601 473 3659 seiner
493 3605 624 3674 angaben
644 3605 712 3660 tiber
731 3605 817 3660 selbst
829 3604 949 3659 erlebtes
969 3605 1026 3658 und
1045 3605 1136 3659 selbst
1149 3603 1268 3660 beobach-

133 3695 205 3746 tetes
224 3692 302 3746 nicht
320 3692 503 3747 erschlittern.
543 3692 606 3762 Vgl.
626 3693 692 3748 einl.
712 3693 772 3749 Vll.
808 3692 860 3747 Die
884 3691 1009 3746 echtheit
1034 3691 1083 3747 der
1108 3693 1210 3762 graber
1227 3691 1268 3744 Da·

134 3780 194 3832 vids
206 3780 263 3833 und
278 3779 402 3835 Salomos
414 3779 485 3833 wird
497 3778 618 3835 vielfach
631 3780 684 3834 mit
697 3781 776 3835 recht
788 3780 947 3835 beatritten.
986 3779 1069 3834 Biroh
1081 3779 1196 3847 (ZDPV.
1207 3779 1226 3843 I,
1237 3776 1269 3844 311

134 3868 213 3920 sucht
233 3866 279 3920 die
303 3867 406 3936 graber
423 3866 528 3922 Darids
556 3869 614 3921 und
642 3868 691 3923 der
709 3868 833 3923 anderen
851 3867 954 3936 hdnige
983 3885 1030 3921 am
1048 3866 1155 3937 ophel,
1185 3869 1270 3920 ebenso

135 3972 159 4008 v.
179 3953 264 4008 Alten
284 3949 353 4007 asa.
372 3971 396 4009 o.
414 3953 463 4021 111,
483 3957 533 4012 166
552 3955 573 4010 f.
608 3955 675 4026 Vgl.
693 3956 893 4021 Ehem-Gathe,
913 3956 1019 4011 Palast.
1038 3956 1059 4016 1.
1081 3957 1132 4013 108
1151 3957 1170 4010 f.

204 4043 217 4096 1
239 4042 347 4098 Ebenso
365 4041 448 4097 Fabri
467 4044 488 4108 I,
506 4045 566 4099 213.
602 4043 670 4113 vgr.
688 4044 767 4100 Tobl.
786 4044 853 4113 Tcp.
873 4043 981 4107 11,133.
1054 4045 1071 4098 2
1091 4043 1175 4099 Fabri
1192 4043 1213 4108 I,
1229 4037 1269 4096 311

133 4129 239 4198 spricht
258 4148 311 4185 von
331 4130 407 4185 einer
428 4132 524 4199 »petra
541 4129 572 4184 in
590 4131 754 4184 summitate
771 4131 892 4200 plana«,
918 4129 969 4183 auf
984 4129 1090 4186 welche
1116 4131 1160 4184 die
1180 4127 1268 4183 hleider

133 4207 335 4286 der'steiniger
353 4220 450 4288 gelegt
476 4219 534 4272 und
554 4236 608 4274 von
633 4219 731 4273 Saulus
756 4219 884 4272 bewacht
903 4218 1026 4272 wurden.
1062 4218 1226 4273 »Paululum
1241 4211 1267 4267 ab

133 4303 184 4357 illa
202 4307 284 4373 petra
302 4305 338 4359 ad
357 4307 446 4360 locum
466 4307 608 4370 venimus,
636 4307 667 4361 in
693 4325 748 4376 quo
762 4305 924 4375 ‘Stephanus
951 4306 1008 4360 fuit
1028 4306 1189 4376 lapidatus«
1215 4298 1268 4357 ibid.

137 4391 200 4460 Vgl.
218 4392 297 4447 Tobl.
316 4393 382 4463 Top.
402 4393 422 4456 Ι,
443 4395 501 4452 114.
