2842 5070
676 353 741 425 196

133 534 282 602 timentes
314 557 366 600 eos
406 532 493 598 ultra
527 533 749 600 dielinavimus
783 535 821 598 ad
851 558 946 599 unam
971 534 1087 599 vallem
1121 555 1277 600 arenosam

134 648 166 707 et
188 643 233 706 ibi
256 641 412 706 stetimus.
458 639 496 704 ln
520 640 570 704 die
592 638 682 704 lovis
712 640 750 703 de
773 661 864 704 mane
889 637 944 724 [11
971 639 1093 725 Sept.],
1127 642 1182 705 sel.
1207 642 1279 705 feria

134 747 249 832 quinta
270 751 343 831 post
365 745 482 810 festum
507 743 698 808 Nativitatis
721 744 839 824 Maria,
863 745 1058 809 surreximus
1080 749 1156 810 ante
1179 752 1278 811 ortum

133 850 274 929 luciferi,
310 855 343 914 et
373 851 491 914 iterum
521 850 662 914 oneratis
691 849 819 913 camelis
841 848 1031 931 perfecimus
1055 850 1188 934 longum
1213 852 1278 930 iter,

132 977 245 1020 verum
267 960 389 1019 certum
410 975 577 1018 numerum
593 955 768 1018 miliarium
791 954 908 1018 habere
930 976 994 1020 non
1017 957 1120 1039 potui.
1167 957 1210 1020 Et
1231 979 1281 1040 per

133 1061 219 1126 hune
241 1065 346 1125 totum
368 1063 399 1124 et
414 1047 554 1124 medium
570 1060 762 1142 preteritum
785 1063 817 1124 et
835 1059 975 1125 medium
993 1067 1180 1145 sequentem
1204 1063 1279 1126 diem

133 1166 346 1231 laboravimus
369 1164 403 1226 in
426 1163 585 1246 profunda
606 1185 704 1228 arena
727 1163 793 1227 sive
814 1163 946 1243 zabulo,
977 1186 1034 1229 nee
1064 1166 1136 1248 ipsa
1159 1167 1212 1231 die
1235 1188 1279 1231 oc·

134 1272 236 1336 currit
259 1270 352 1334 homo
377 1288 435 1332 nec
459 1267 559 1331 bestia
581 1288 640 1332 nec
662 1289 743 1347 aves,
767 1289 869 1352 neque
892 1269 937 1331 ibi
961 1274 1008 1333 est
1027 1271 1126 1335 arbor
1148 1294 1207 1336 nee
1223 1273 1277 1336 vir-

134 1377 262 1460 gultum
285 1395 342 1439 nec
364 1373 473 1457 aliqua
496 1372 586 1456 ligna
609 1394 667 1437 nec
693 1372 820 1457 aliquod
848 1373 987 1439 viridum
1021 1376 1161 1460 demptis
1184 1378 1276 1441 maxi-

135 1482 195 1545 mis
209 1480 419 1565 serpentibus,
442 1479 479 1543 de
503 1479 618 1561 quibus
633 1479 770 1543 vidimus
786 1478 881 1542 etiam
905 1501 1003 1543 unum
1027 1481 1060 1544 in
1082 1481 1275 1567 longitudine

123 1571 248 1652 'novem
271 1585 398 1668 pesum.
445 1582 486 1647 111
509 1583 686 1648 audivimus
720 1607 739 1647 a
772 1584 833 1648 fise
855 1585 961 1669 dignis
982 1586 1060 1650 viss
1083 1585 1274 1682 christanis,

137 1691 191 1776 qui
214 1691 342 1754 iverunt
356 1690 532 1768 nobiseum,
556 1691 638 1773 quod
663 1692 768 1753 essent
790 1689 824 1752 in
846 1689 904 1754 illo
920 1690 1043 1755 deserto
1065 1696 1228 1776 serpentes
1249 1694 1271 1756 in

136 1796 337 1880 longitudine
370 1795 509 1878 cuspidis
539 1795 690 1879 armigeri
722 1800 754 1859 et
788 1795 823 1858 in
846 1796 1067 1879 magnitudine
1102 1800 1204 1862 cruris
1224 1799 1271 1862 riri

136 1901 246 1986 magni
261 1898 281 1965 ¹.
313 1898 364 1963 Ibi
381 1903 534 1983 ceperunt
548 1921 641 1965 crura
658 1923 728 1965 mea
744 1900 828 1964 infra
843 1921 947 1984 genua
957 1901 1152 1966 mirabiliter
1168 1908 1269 1967 tumes·

137 2029 216 2087 cere,
241 2009 274 2070 et
296 2005 383 2070 omni
407 2005 457 2069 die
480 2005 580 2069 crevit
604 2010 725 2084 tumor,
758 2011 790 2070 et
823 2027 886 2071 non
919 2006 1016 2070 habui
1039 2008 1196 2072 medicum
1228 2028 1270 2071 nee

77 2163 79 2167 -
137 2112 363 2195 consolantem
408 2109 517 2176 Socius
540 2116 645 2175 tamen
668 2132 757 2176 meus
772 2111 892 2190 statim,
917 2112 1043 2195 quando
1058 2113 1267 2178 descendebam

137 2218 175 2281 de
199 2217 298 2295 asino,
322 2215 399 2281 fecit
422 2215 501 2291 milri
524 2217 670 2280 umbram
691 2238 763 2280 cum
780 2215 940 2280 mantellis
963 2219 1092 2295 nostris,
1115 2224 1148 2282 et
1171 2219 1268 2301 absque

137 2322 233 2386 dubio
258 2321 352 2385 timui
374 2321 489 2404 perire,
514 2321 589 2406 quia
611 2321 799 2405 inceperunt
821 2322 920 2385 fluere
941 2327 973 2386 et
997 2343 1115 2406 magna
1130 2323 1267 2388 foramina

138 2426 225 2501 fieri3
251 2425 379 2488 tandem
403 2427 560 2511 resignavi
583 2428 640 2491 deo
664 2431 696 2492 et
718 2428 811 2491 beate
831 2426 1009 2492 Kathariue
1032 2429 1177 2514 dixique:
1201 2427 1265 2491 ›Do-

138 2531 224 2595 miue
246 2529 341 2594 lhesu
365 2529 508 2612 Christe,
533 2537 569 2596 tu
591 2532 676 2596 nosti
700 2533 856 2617 quomodo
886 2536 918 2596 et
941 2554 1002 2616 qua
1026 2532 1202 2599 intentione
1221 2533 1264 2596 hue

139 2636 229 2713 veni,
253 2640 369 2700 cuncta
392 2636 424 2700 in
448 2641 504 2700 tua
526 2642 686 2720 potestate
707 2638 812 2721 posita
835 2642 919 2703 sunt.
965 2636 998 2702 Si
1023 2639 1088 2720 vis,
1112 2646 1148 2705 ut
1172 2639 1264 2704 moriar

138 2743 171 2805 in
187 2742 311 2806 deserto
327 2762 399 2805 cum
423 2741 498 2806 filiis
513 2740 622 2822 lsrael,
645 2741 697 2806 fac
714 2765 835 2808 mecum
851 2744 1022 2808 secundum
1037 2745 1262 2811 misericordiam

139 2852 237 2926 tuam,
260 2846 342 2911 sieut
365 2846 471 2912 fecisti
494 2868 565 2912 cum
588 2870 678 2913 servo
710 2854 766 2913 tuo
789 2848 909 2933 Moysi,
942 2852 974 2913 et
1009 2851 1049 2913 da
1079 2851 1159 2914 mihi
1180 2868 1261 2914 veram

138 2951 363 3016 contritionem
393 2956 425 3016 et
447 2974 561 3035 puram
584 2953 821 3033 confessionem,
856 2959 888 3019 et
921 2958 957 3018 tu
993 2975 1064 3018 cum
1088 2956 1222 3039 passione
1239 2955 1261 3014 et

138 3061 240 3124 morte
264 3059 320 3120 tua
343 3078 402 3140 pro
425 3057 564 3139 peccatis
586 3058 666 3121 meis
695 3058 779 3141 apud
801 3063 926 3141 patrem
958 3062 1048 3122 tuum
1072 3059 1169 3124 facito
1190 3058 1258 3122 satis·

138 3162 321 3228 factionem.
365 3161 398 3226 Si
421 3183 496 3226 vero
519 3162 567 3227 vis
595 3185 644 3226 me
666 3185 805 3246 purgare
836 3169 867 3228 et
889 3164 1025 3247 probare
1054 3187 1113 3248 per
1134 3165 1209 3228 hane
1227 3161 1260 3224 in·

138 3268 340 3346 firmitatem,
376 3268 415 3331 da
445 3267 525 3331 mihi
548 3268 685 3350 gratiam
709 3270 870 3352 patienter
892 3269 1006 3334 ferre.‹
1054 3270 1096 3334 Et
1118 3271 1205 3336 dictis
1229 3267 1260 3330 sic

139 3373 300 3458 aliquibus
325 3372 420 3436 Pater
442 3376 550 3436 noster
573 3377 605 3437 et
629 3373 700 3437 aliis
725 3374 870 3456 precibus
913 3375 1019 3439 subito
1054 3375 1165 3441 incidit
1185 3368 1259 3438 menti

140 3499 220 3556 mee,
242 3498 278 3541 ac
300 3477 328 3541 si
352 3477 423 3562 quis
447 3477 564 3542 diceret
589 3478 685 3542 mihi:
712 3478 850 3561 »Accipe
873 3479 929 3558 sal,
953 3484 985 3543 et
1007 3501 1090 3563 pone
1113 3481 1144 3544 in
1160 3496 1257 3564 aquam,
1304 3474 1306 3483 '

139 3589 172 3648 et
194 3583 336 3667 intinges
359 3583 583 3666 panniculum,
607 3587 639 3647 et
661 3583 839 3649 madefacto
862 3605 961 3667 ponas
985 3607 1083 3669 supra
1106 3608 1193 3651 crura
1212 3589 1257 3652 tun

140 3691 172 3751 et
187 3687 379 3752 sanaberis«
428 3687 468 3752 Et
490 3687 551 3752 feci
574 3689 619 3754 sie
633 3690 720 3753 omni
742 3690 802 3769 die,
827 3691 952 3774 qnando
969 3692 1113 3756 descendi
1137 3693 1172 3755 de
1185 3689 1256 3758 asino,

139 3796 172 3856 et
195 3792 280 3856 aliud
304 3792 397 3870 nihil,
420 3798 452 3857 et
476 3815 533 3876 per
555 3794 604 3857 dei
628 3794 765 3878 gratiam
789 3799 821 3859 et
843 3796 1020 3861 orationem
1042 3803 1149 3861 sancte
1166 3791 1255 3858 Kathe

140 3897 209 3960 rine
231 3900 342 3960 sauata
375 3901 450 3960 sunt
481 3919 574 3962 crura
607 3922 695 3979 mea,
730 3905 899 3984 antequam
922 3902 1052 3984 perveni
1087 3902 1125 3966 ad
1146 3901 1254 3964 sanctam

141 4001 361 4082 Katheriuam,
386 4004 425 4067 de
448 4025 511 4088 quo
527 4005 581 4068 alii
600 4027 709 4069 omnes
725 4007 935 4071 mirabantur.
980 4005 1072 4071 Unde
1088 4011 1186 4071 autem
1198 3994 1252 4064 nihl

140 4108 227 4170 venit
250 4107 307 4171 illa
323 4108 502 4188 infirmitas,
526 4111 649 4173 certum
665 4111 778 4189 nescio,
803 4114 943 4174 attamen
968 4133 1026 4196 ego
1042 4111 1169 4196 ascripsi
1189 4100 1252 4187 eqni·

141 4211 258 4276 tatiani
282 4215 314 4277 et
337 4236 426 4298 aque,
451 4236 547 4298 quam
570 4214 637 4278 bibi
662 4237 724 4279 una
747 4237 819 4280 cum
835 4215 915 4295 aliis,
940 4239 1001 4300 que
1016 4217 1179 4302 aliquando
1198 4211 1251 4272 lete
1302 4195 1305 4320 ἰ

1303 4339 1305 4369 Ι

707 4355 724 4387 a
1302 4372 1305 4385 .

213 4436 225 4489 l
246 4435 330 4491 Fabri
348 4437 382 4504 ll,
400 4439 452 4492 413
471 4439 599 4494 erwahnt
617 4439 692 4494 diosc
710 4440 863 4511 schlangen
882 4441 1050 4511 gleichfalls.
1302 4392 1305 4427 Ι
