<?xml version="1.0" encoding="UTF-8"?>
<!DOCTYPE html PUBLIC "-//W3C//DTD XHTML 1.0 Transitional//EN"
    "http://www.w3.org/TR/xhtml1/DTD/xhtml1-transitional.dtd">
<html xmlns="http://www.w3.org/1999/xhtml" xml:lang="en" lang="en">
 <head>
  <title>
</title>
<meta http-equiv="Content-Type" content="text/html;charset=utf-8" />
  <meta name='ocr-system' content='tesseract 3.04.00' />
  <meta name='ocr-capabilities' content='ocr_page ocr_carea ocr_par ocr_line ocrx_word'/>
</head>
<body>
  <div class='ocr_page' id='page_1' title='image "./fratrispauliwal00waltgoog_0028.png"; bbox 0 0 2842 5070; ppageno 0'>
   <div class='ocr_carea' id='block_1_1' title="bbox 698 346 719 412">
    <p class='ocr_par' dir='ltr' id='par_1_1' title="bbox 698 346 719 412">
     <span class='ocr_line' id='line_1_1' title="bbox 698 346 719 412; baseline 0 0"><span class='ocrx_word' id='word_1_1' title='bbox 698 346 719 412; x_wconf 88' lang='grc'>4</span> 
     </span>
    </p>
   </div>
   <div class='ocr_carea' id='block_1_2' title="bbox 68 516 1286 2924">
    <p class='ocr_par' dir='ltr' id='par_1_2' title="bbox 137 516 1286 605">
     <span class='ocr_line' id='line_1_2' title="bbox 137 516 1286 605; baseline -0.008 -15"><span class='ocrx_word' id='word_1_2' title='bbox 137 525 217 590; x_wconf 90' lang='lat' dir='ltr'>mihi</span> <span class='ocrx_word' id='word_1_3' title='bbox 248 526 285 589; x_wconf 87' lang='lat' dir='ltr'>ad</span> <span class='ocrx_word' id='word_1_4' title='bbox 309 523 542 588; x_wconf 87' lang='lat' dir='ltr'>sanctissimum</span> <span class='ocrx_word' id='word_1_5' title='bbox 571 543 686 605; x_wconf 88' lang='lat' dir='ltr'>papam</span> <span class='ocrx_word' id='word_1_6' title='bbox 710 520 834 585; x_wconf 80' lang='lat' dir='ltr'>Sixtum</span> <span class='ocrx_word' id='word_1_7' title='bbox 868 524 1018 605; x_wconf 88' lang='lat' dir='ltr'>quartum</span> <span class='ocrx_word' id='word_1_8' title='bbox 1047 542 1106 604; x_wconf 91' lang='lat' dir='ltr'>pro</span> <span class='ocrx_word' id='word_1_9' title='bbox 1130 516 1286 583; x_wconf 87' lang='lat' dir='ltr'>licentia¹</span> 
     </span>
    </p>

    <p class='ocr_par' dir='ltr' id='par_1_3' title="bbox 137 627 1284 706">
     <span class='ocr_line' id='line_1_3' title="bbox 137 627 1284 706; baseline -0.007 -12"><span class='ocrx_word' id='word_1_10' title='bbox 137 632 176 694; x_wconf 88' lang='lat' dir='ltr'>ed</span> <span class='ocrx_word' id='word_1_11' title='bbox 199 631 380 696; x_wconf 87' lang='lat' dir='ltr'>standum</span> <span class='ocrx_word' id='word_1_12' title='bbox 371 653 404 693; x_wconf 90' lang='lat' dir='ltr'>m</span> <span class='ocrx_word' id='word_1_13' title='bbox 427 628 473 692; x_wconf 91' lang='lat' dir='ltr'>Yt</span> <span class='ocrx_word' id='word_1_14' title='bbox 475 628 538 692; x_wconf 87' lang='lat' dir='ltr'>alia</span> <span class='ocrx_word' id='word_1_15' title='bbox 560 648 596 691; x_wconf 86' lang='lat' dir='ltr'>ae</span> <span class='ocrx_word' id='word_1_16' title='bbox 624 628 663 692; x_wconf 89' lang='lat' dir='ltr'>ad</span> <span class='ocrx_word' id='word_1_17' title='bbox 687 627 877 691; x_wconf 75' lang='lat' dir='ltr'><strong>visitandam</strong></span> <span class='ocrx_word' id='word_1_18' title='bbox 901 629 1017 688; x_wconf 87' lang='lat' dir='ltr'>terram</span> <span class='ocrx_word' id='word_1_19' title='bbox 1042 628 1187 689; x_wconf 76' lang='lat' dir='ltr'><strong>sanctam</strong></span> <span class='ocrx_word' id='word_1_20' title='bbox 1211 644 1284 706; x_wconf 89' lang='lat' dir='ltr'>snp-</span> 
     </span>
    </p>

    <p class='ocr_par' dir='ltr' id='par_1_4' title="bbox 68 728 1285 2924">
     <span class='ocr_line' id='line_1_4' title="bbox 137 728 1285 818; baseline -0.004 -21"><span class='ocrx_word' id='word_1_21' title='bbox 137 735 249 818; x_wconf 85' lang='lat' dir='ltr'>plicat</span> <span class='ocrx_word' id='word_1_22' title='bbox 240 758 343 799; x_wconf 80' lang='lat' dir='ltr'>ionem</span> <span class='ocrx_word' id='word_1_23' title='bbox 367 739 513 798; x_wconf 85' lang='lat' dir='ltr'>ornatam</span> <span class='ocrx_word' id='word_1_24' title='bbox 536 733 690 816; x_wconf 74' lang='lat' dir='ltr'>porrexit</span> <span class='ocrx_word' id='word_1_25' title='bbox 735 731 809 795; x_wconf 85' lang='lat' dir='ltr'>Et</span> <span class='ocrx_word' id='word_1_26' title='bbox 800 752 833 794; x_wconf 88' lang='lat' dir='ltr'>rn</span> <span class='ocrx_word' id='word_1_27' title='bbox 846 728 1012 794; x_wconf 76' lang='lat' dir='ltr'>&#39;eundem</span> <span class='ocrx_word' id='word_1_28' title='bbox 1044 750 1199 812; x_wconf 79' lang='lat' dir='ltr'>generose</span> <span class='ocrx_word' id='word_1_29' title='bbox 1221 730 1285 813; x_wconf 85' lang='lat' dir='ltr'>sig·</span> 
     </span>
     <span class='ocr_line' id='line_1_5' title="bbox 137 833 1284 920; baseline -0.006 -17"><span class='ocrx_word' id='word_1_30' title='bbox 137 845 192 904; x_wconf 88' lang='lat' dir='ltr'>nat</span> <span class='ocrx_word' id='word_1_31' title='bbox 193 863 244 904; x_wconf 87' lang='lat' dir='ltr'>am</span> <span class='ocrx_word' id='word_1_32' title='bbox 268 863 338 905; x_wconf 90' lang='lat' dir='ltr'>eum</span> <span class='ocrx_word' id='word_1_33' title='bbox 361 839 511 905; x_wconf 80' lang='lat' dir='ltr'><strong>clausulis</strong></span> <span class='ocrx_word' id='word_1_34' title='bbox 531 837 721 920; x_wconf 72' lang='lat' dir='ltr'>opportunis</span> <span class='ocrx_word' id='word_1_35' title='bbox 737 836 887 914; x_wconf 89' lang='lat' dir='ltr'>obtinuit,</span> <span class='ocrx_word' id='word_1_36' title='bbox 912 834 1046 899; x_wconf 88' lang='lat' dir='ltr'>etmihi</span> <span class='ocrx_word' id='word_1_37' title='bbox 1062 834 1226 918; x_wconf 77' lang='lat' dir='ltr'>prefatam</span> <span class='ocrx_word' id='word_1_38' title='bbox 1247 833 1284 896; x_wconf 86' lang='lat' dir='ltr'>ed</span> 
     </span>
     <span class='ocr_line' id='line_1_6' title="bbox 137 941 1284 1061; baseline -0.005 -52"><span class='ocrx_word' id='word_1_39' title='bbox 137 968 249 1009; x_wconf 87' lang='lat' dir='ltr'>manus</span> <span class='ocrx_word' id='word_1_40' title='bbox 271 967 357 1010; x_wconf 87' lang='lat' dir='ltr'>meas</span> <span class='ocrx_word' id='word_1_41' title='bbox 382 945 416 1008; x_wconf 91' lang='lat' dir='ltr'>in</span> <span class='ocrx_word' id='word_1_42' title='bbox 439 943 570 1030; x_wconf 86' lang='lat' dir='ltr'>propria</span> <span class='ocrx_word' id='word_1_43' title='bbox 592 965 727 1061; x_wconf 88' lang='lat' dir='ltr'>persona</span> <span class='ocrx_word' id='word_1_44' title='bbox 749 949 877 1025; x_wconf 87' lang='lat' dir='ltr'>present</span> <span class='ocrx_word' id='word_1_45' title='bbox 879 943 961 1007; x_wconf 81' lang='lat' dir='ltr'>avit</span> <span class='ocrx_word' id='word_1_46' title='bbox 931 941 1097 1006; x_wconf 80' lang='lat' dir='ltr'>tOnius</span> <span class='ocrx_word' id='word_1_47' title='bbox 1120 944 1216 1004; x_wconf 87' lang='lat' dir='ltr'>tenor</span> <span class='ocrx_word' id='word_1_48' title='bbox 1237 962 1284 1003; x_wconf 90' lang='lat' dir='ltr'>se-</span> 
     </span>
     <span class='ocr_line' id='line_1_7' title="bbox 137 1045 1284 1135; baseline -0.003 -21"><span class='ocrx_word' id='word_1_49' title='bbox 137 1051 192 1135; x_wconf 94' lang='lat' dir='ltr'>qui</span> <span class='ocrx_word' id='word_1_50' title='bbox 194 1054 296 1114; x_wconf 91' lang='lat' dir='ltr'>tture</span> <span class='ocrx_word' id='word_1_51' title='bbox 311 1053 388 1113; x_wconf 88' lang='lat' dir='ltr'>estt</span> <span class='ocrx_word' id='word_1_52' title='bbox 345 1049 461 1113; x_wconf 88' lang='lat' dir='ltr'>ttalis:</span> <span class='ocrx_word' id='word_1_53' title='bbox 480 1048 566 1113; x_wconf 87' lang='lat' dir='ltr'>Beat</span> <span class='ocrx_word' id='word_1_54' title='bbox 542 1047 734 1112; x_wconf 76' lang='lat' dir='ltr'>tissimePat</span> <span class='ocrx_word' id='word_1_55' title='bbox 736 1051 785 1112; x_wconf 89' lang='lat' dir='ltr'>er!</span> <span class='ocrx_word' id='word_1_56' title='bbox 802 1046 880 1111; x_wconf 78' lang='lat' dir='ltr'>Cum</span> <span class='ocrx_word' id='word_1_57' title='bbox 896 1047 1030 1112; x_wconf 84' lang='lat' dir='ltr'>devotus</span> <span class='ocrx_word' id='word_1_58' title='bbox 1045 1050 1155 1110; x_wconf 85' lang='lat' dir='ltr'>orator</span> <span class='ocrx_word' id='word_1_59' title='bbox 1170 1045 1284 1110; x_wconf 90' lang='lat' dir='ltr'>Vestre</span> 
     </span>
     <span class='ocr_line' id='line_1_8' title="bbox 136 1150 1285 1236; baseline -0.005 -16"><span class='ocrx_word' id='word_1_60' title='bbox 136 1154 334 1234; x_wconf 79' lang='lat' dir='ltr'>Sanctitatis,</span> <span class='ocrx_word' id='word_1_61' title='bbox 359 1154 459 1218; x_wconf 89' lang='lat' dir='ltr'>frater</span> <span class='ocrx_word' id='word_1_62' title='bbox 481 1153 600 1218; x_wconf 86' lang='lat' dir='ltr'>Paulus</span> <span class='ocrx_word' id='word_1_63' title='bbox 624 1153 785 1217; x_wconf 87' lang='lat' dir='ltr'>Waltheri</span> <span class='ocrx_word' id='word_1_64' title='bbox 808 1154 845 1217; x_wconf 92' lang='lat' dir='ltr'>de</span> <span class='ocrx_word' id='word_1_65' title='bbox 868 1151 1063 1236; x_wconf 80' lang='lat' dir='ltr'>Gnglingen,</span> <span class='ocrx_word' id='word_1_66' title='bbox 1087 1150 1285 1216; x_wconf 90' lang='lat' dir='ltr'>Wormensis</span> 
     </span>
     <span class='ocr_line' id='line_1_9' title="bbox 137 1255 1285 1344; baseline -0.003 -20"><span class='ocrx_word' id='word_1_67' title='bbox 137 1261 298 1338; x_wconf 87' lang='lat' dir='ltr'>dioecesis,</span> <span class='ocrx_word' id='word_1_68' title='bbox 320 1260 440 1324; x_wconf 89' lang='lat' dir='ltr'>ordinis</span> <span class='ocrx_word' id='word_1_69' title='bbox 455 1260 593 1323; x_wconf 84' lang='lat' dir='ltr'>fratrum</span> <span class='ocrx_word' id='word_1_70' title='bbox 617 1255 659 1344; x_wconf 78' lang='lat' dir='ltr'>[p.</span> <span class='ocrx_word' id='word_1_71' title='bbox 678 1257 721 1342; x_wconf 83' lang='grc'>2.]</span> <span class='ocrx_word' id='word_1_72' title='bbox 747 1258 906 1321; x_wconf 89' lang='lat' dir='ltr'>minorum</span> <span class='ocrx_word' id='word_1_73' title='bbox 930 1258 968 1321; x_wconf 91' lang='lat' dir='ltr'>de</span> <span class='ocrx_word' id='word_1_74' title='bbox 983 1257 1189 1321; x_wconf 85' lang='lat' dir='ltr'>observantia</span> <span class='ocrx_word' id='word_1_75' title='bbox 1205 1279 1285 1320; x_wconf 91' lang='lat' dir='ltr'>nun·</span> 
     </span>
     <span class='ocr_line' id='line_1_10' title="bbox 137 1362 1284 1449; baseline -0.003 -19"><span class='ocrx_word' id='word_1_76' title='bbox 137 1365 288 1449; x_wconf 82' lang='lat' dir='ltr'>cupatis⁸</span> <span class='ocrx_word' id='word_1_77' title='bbox 313 1363 481 1448; x_wconf 80' lang='lat' dir='ltr'>professor,</span> <span class='ocrx_word' id='word_1_78' title='bbox 505 1386 564 1448; x_wconf 93' lang='lat' dir='ltr'>pro</span> <span class='ocrx_word' id='word_1_79' title='bbox 580 1365 677 1428; x_wconf 87' lang='lat' dir='ltr'>animi</span> <span class='ocrx_word' id='word_1_80' title='bbox 694 1365 742 1428; x_wconf 92' lang='lat' dir='ltr'>sui</span> <span class='ocrx_word' id='word_1_81' title='bbox 761 1364 876 1448; x_wconf 89' lang='lat' dir='ltr'>quiete,</span> <span class='ocrx_word' id='word_1_82' title='bbox 903 1367 936 1426; x_wconf 89' lang='lat' dir='ltr'>et</span> <span class='ocrx_word' id='word_1_83' title='bbox 957 1368 993 1426; x_wconf 91' lang='lat' dir='ltr'>ut</span> <span class='ocrx_word' id='word_1_84' title='bbox 1009 1363 1136 1428; x_wconf 87' lang='lat' dir='ltr'>facilius</span> <span class='ocrx_word' id='word_1_85' title='bbox 1158 1368 1192 1426; x_wconf 91' lang='lat' dir='ltr'>et</span> <span class='ocrx_word' id='word_1_86' title='bbox 1207 1362 1284 1427; x_wconf 92' lang='lat' dir='ltr'>libe-</span> 
     </span>
     <span class='ocr_line' id='line_1_11' title="bbox 68 1468 1283 1554; baseline -0.002 -20"><span class='ocrx_word' id='word_1_87' title='bbox 68 1488 70 1492; x_wconf 90' lang='grc'><strong><em>·</em></strong></span> <span class='ocrx_word' id='word_1_88' title='bbox 136 1472 202 1534; x_wconf 90' lang='lat' dir='ltr'>rius</span> <span class='ocrx_word' id='word_1_89' title='bbox 221 1472 349 1534; x_wconf 89' lang='lat' dir='ltr'>semotis</span> <span class='ocrx_word' id='word_1_90' title='bbox 365 1471 529 1554; x_wconf 85' lang='lat' dir='ltr'>quibusvis</span> <span class='ocrx_word' id='word_1_91' title='bbox 545 1470 741 1534; x_wconf 89' lang='lat' dir='ltr'>secularibus</span> <span class='ocrx_word' id='word_1_92' title='bbox 756 1469 1003 1553; x_wconf 85' lang='lat' dir='ltr'>impedimentis,</span> <span class='ocrx_word' id='word_1_93' title='bbox 1027 1468 1145 1553; x_wconf 90' lang='lat' dir='ltr'>quibus</span> <span class='ocrx_word' id='word_1_94' title='bbox 1160 1470 1196 1532; x_wconf 95' lang='lat' dir='ltr'>in</span> <span class='ocrx_word' id='word_1_95' title='bbox 1213 1490 1283 1552; x_wconf 88' lang='lat' dir='ltr'>par·</span> 
     </span>
     <span class='ocr_line' id='line_1_12' title="bbox 137 1573 1282 1659; baseline -0.002 -19"><span class='ocrx_word' id='word_1_96' title='bbox 137 1577 225 1641; x_wconf 89' lang='lat' dir='ltr'>tibus</span> <span class='ocrx_word' id='word_1_97' title='bbox 247 1575 414 1640; x_wconf 84' lang='lat' dir='ltr'>Alamenie</span> <span class='ocrx_word' id='word_1_98' title='bbox 437 1577 572 1641; x_wconf 83' lang='lat' dir='ltr'>maxime</span> <span class='ocrx_word' id='word_1_99' title='bbox 595 1577 678 1640; x_wconf 86' lang='lat' dir='ltr'>cirea</span> <span class='ocrx_word' id='word_1_100' title='bbox 694 1575 904 1641; x_wconf 82' lang='lat' dir='ltr'>confessiones</span> <span class='ocrx_word' id='word_1_101' title='bbox 927 1574 1097 1639; x_wconf 79' lang='lat' dir='ltr'>audiendas</span> <span class='ocrx_word' id='word_1_102' title='bbox 1120 1573 1282 1659; x_wconf 80' lang='lat' dir='ltr'>laycorum</span> 
     </span>
     <span class='ocr_line' id='line_1_13' title="bbox 137 1679 1284 1765; baseline -0.001 -21"><span class='ocrx_word' id='word_1_103' title='bbox 137 1682 322 1760; x_wconf 84' lang='lat' dir='ltr'>involvitur,</span> <span class='ocrx_word' id='word_1_104' title='bbox 346 1682 405 1760; x_wconf 92' lang='lat' dir='ltr'>illi,</span> <span class='ocrx_word' id='word_1_105' title='bbox 429 1681 479 1745; x_wconf 87' lang='lat' dir='ltr'>oui</span> <span class='ocrx_word' id='word_1_106' title='bbox 503 1703 569 1746; x_wconf 89' lang='lat' dir='ltr'>sese</span> <span class='ocrx_word' id='word_1_107' title='bbox 592 1687 706 1765; x_wconf 90' lang='lat' dir='ltr'>sponte</span> <span class='ocrx_word' id='word_1_108' title='bbox 729 1682 864 1760; x_wconf 88' lang='lat' dir='ltr'>devovit,</span> <span class='ocrx_word' id='word_1_109' title='bbox 893 1680 926 1743; x_wconf 92' lang='lat' dir='ltr'>in</span> <span class='ocrx_word' id='word_1_110' title='bbox 951 1679 1146 1744; x_wconf 88' lang='lat' dir='ltr'>humilitatis</span> <span class='ocrx_word' id='word_1_111' title='bbox 1168 1679 1284 1763; x_wconf 90' lang='lat' dir='ltr'>spiritu</span> 
     </span>
     <span class='ocr_line' id='line_1_14' title="bbox 137 1785 1284 1869; baseline -0.001 -18"><span class='ocrx_word' id='word_1_112' title='bbox 137 1792 169 1851; x_wconf 89' lang='lat' dir='ltr'>et</span> <span class='ocrx_word' id='word_1_113' title='bbox 185 1786 462 1869; x_wconf 84' lang='lat' dir='ltr'>contemplationis</span> <span class='ocrx_word' id='word_1_114' title='bbox 484 1788 640 1850; x_wconf 87' lang='lat' dir='ltr'>suavitate</span> <span class='ocrx_word' id='word_1_115' title='bbox 662 1790 737 1850; x_wconf 85' lang='lat' dir='ltr'>vota</span> <span class='ocrx_word' id='word_1_116' title='bbox 759 1807 816 1849; x_wconf 88' lang='lat' dir='ltr'>sue</span> <span class='ocrx_word' id='word_1_117' title='bbox 838 1786 968 1849; x_wconf 87' lang='lat' dir='ltr'>reddere</span> <span class='ocrx_word' id='word_1_118' title='bbox 983 1785 1097 1864; x_wconf 87' lang='lat' dir='ltr'>valeat,</span> <span class='ocrx_word' id='word_1_119' title='bbox 1121 1786 1160 1848; x_wconf 88' lang='lat' dir='ltr'>ad</span> <span class='ocrx_word' id='word_1_120' title='bbox 1177 1785 1284 1850; x_wconf 83' lang='lat' dir='ltr'>Ytslie</span> 
     </span>
     <span class='ocr_line' id='line_1_15' title="bbox 135 1890 1283 1977; baseline -0.003 -20"><span class='ocrx_word' id='word_1_121' title='bbox 135 1898 243 1977; x_wconf 82' lang='lat' dir='ltr'>partes</span> <span class='ocrx_word' id='word_1_122' title='bbox 267 1914 300 1956; x_wconf 87' lang='lat' dir='ltr'>se</span> <span class='ocrx_word' id='word_1_123' title='bbox 322 1893 467 1957; x_wconf 86' lang='lat' dir='ltr'>conferre</span> <span class='ocrx_word' id='word_1_124' title='bbox 490 1897 522 1957; x_wconf 91' lang='lat' dir='ltr'>et</span> <span class='ocrx_word' id='word_1_125' title='bbox 545 1892 635 1972; x_wconf 89' lang='lat' dir='ltr'>inibi,</span> <span class='ocrx_word' id='word_1_126' title='bbox 659 1893 714 1956; x_wconf 92' lang='lat' dir='ltr'>ubi</span> <span class='ocrx_word' id='word_1_127' title='bbox 731 1892 848 1957; x_wconf 85' lang='lat' dir='ltr'>vicario</span> <span class='ocrx_word' id='word_1_128' title='bbox 865 1890 1008 1976; x_wconf 84' lang='lat' dir='ltr'>generali</span> <span class='ocrx_word' id='word_1_129' title='bbox 1024 1890 1214 1955; x_wconf 75' lang='lat' dir='ltr'>dictorum⁴</span> <span class='ocrx_word' id='word_1_130' title='bbox 1235 1913 1283 1954; x_wconf 91' lang='lat' dir='ltr'>or·</span> 
     </span>
     <span class='ocr_line' id='line_1_16' title="bbox 135 1995 1285 2080; baseline -0.003 -18"><span class='ocrx_word' id='word_1_131' title='bbox 135 1999 273 2062; x_wconf 90' lang='lat' dir='ltr'>dinist</span> <span class='ocrx_word' id='word_1_132' title='bbox 241 2003 273 2062; x_wconf 93' lang='lat' dir='ltr'>et</span> <span class='ocrx_word' id='word_1_133' title='bbox 296 1998 497 2062; x_wconf 81' lang='lat' dir='ltr'>observantie</span> <span class='ocrx_word' id='word_1_134' title='bbox 519 1997 622 2061; x_wconf 86' lang='lat' dir='ltr'>visum</span> <span class='ocrx_word' id='word_1_135' title='bbox 637 1997 746 2076; x_wconf 88' lang='lat' dir='ltr'>fuerit,</span> <span class='ocrx_word' id='word_1_136' title='bbox 772 1997 863 2060; x_wconf 92' lang='lat' dir='ltr'>sub</span> <span class='ocrx_word' id='word_1_137' title='bbox 854 1997 954 2080; x_wconf 89' lang='lat' dir='ltr'>1psius</span> <span class='ocrx_word' id='word_1_138' title='bbox 976 1995 1087 2060; x_wconf 79' lang='lat' dir='ltr'>vicarii</span> <span class='ocrx_word' id='word_1_139' title='bbox 1079 1995 1285 2060; x_wconf 89' lang='lat' dir='ltr'>&#39;obedientie</span> 
     </span>
     <span class='ocr_line' id='line_1_17' title="bbox 136 2100 1284 2186; baseline -0.003 -20"><span class='ocrx_word' id='word_1_140' title='bbox 136 2124 299 2167; x_wconf 87' lang='lat' dir='ltr'>remanere</span> <span class='ocrx_word' id='word_1_141' title='bbox 328 2106 361 2166; x_wconf 92' lang='lat' dir='ltr'>et</span> <span class='ocrx_word' id='word_1_142' title='bbox 393 2104 515 2182; x_wconf 91' lang='lat' dir='ltr'>deinde,</span> <span class='ocrx_word' id='word_1_143' title='bbox 549 2104 623 2167; x_wconf 93' lang='lat' dir='ltr'>dum</span> <span class='ocrx_word' id='word_1_144' title='bbox 647 2103 871 2186; x_wconf 85' lang='lat' dir='ltr'>opportunitas</span> <span class='ocrx_word' id='word_1_145' title='bbox 905 2124 939 2166; x_wconf 89' lang='lat' dir='ltr'>se</span> <span class='ocrx_word' id='word_1_146' title='bbox 960 2100 1127 2178; x_wconf 87' lang='lat' dir='ltr'>obtulerit,</span> <span class='ocrx_word' id='word_1_147' title='bbox 1159 2122 1284 2166; x_wconf 87' lang='lat' dir='ltr'>sacrum</span> 
     </span>
     <span class='ocr_line' id='line_1_18' title="bbox 137 2205 1283 2291; baseline -0.002 -21"><span class='ocrx_word' id='word_1_148' title='bbox 137 2207 340 2291; x_wconf 85' lang='lat' dir='ltr'>sepulchrum</span> <span class='ocrx_word' id='word_1_149' title='bbox 364 2208 619 2272; x_wconf 88' lang='lat' dir='ltr'>dominicumet</span> <span class='ocrx_word' id='word_1_150' title='bbox 605 2208 710 2271; x_wconf 82' lang='lat' dir='ltr'>talio</span> <span class='ocrx_word' id='word_1_151' title='bbox 743 2208 812 2271; x_wconf 86' lang='lat' dir='ltr'>loca</span> <span class='ocrx_word' id='word_1_152' title='bbox 834 2211 943 2270; x_wconf 88' lang='lat' dir='ltr'>sancta</span> <span class='ocrx_word' id='word_1_153' title='bbox 910 2206 1023 2270; x_wconf 92' lang='lat' dir='ltr'>ttul</span> <span class='ocrx_word' id='word_1_154' title='bbox 1009 2205 1188 2269; x_wconf 87' lang='lat' dir='ltr'>tramarina</span> <span class='ocrx_word' id='word_1_155' title='bbox 1209 2205 1283 2268; x_wconf 82' lang='lat' dir='ltr'>visi·</span> 
     </span>
     <span class='ocr_line' id='line_1_19' title="bbox 136 2309 1284 2396; baseline -0.002 -20"><span class='ocrx_word' id='word_1_156' title='bbox 136 2316 205 2376; x_wconf 86' lang='lat' dir='ltr'>tare</span> <span class='ocrx_word' id='word_1_157' title='bbox 239 2312 395 2396; x_wconf 85' lang='lat' dir='ltr'>singulari</span> <span class='ocrx_word' id='word_1_158' title='bbox 420 2313 586 2377; x_wconf 88' lang='lat' dir='ltr'>devotione</span> <span class='ocrx_word' id='word_1_159' title='bbox 609 2313 721 2377; x_wconf 89' lang='lat' dir='ltr'>ductus</span> <span class='ocrx_word' id='word_1_160' title='bbox 743 2313 908 2391; x_wconf 78' lang='lat' dir='ltr'>desideret,</span> <span class='ocrx_word' id='word_1_161' title='bbox 935 2309 1097 2395; x_wconf 88' lang='lat' dir='ltr'>supplicat</span> <span class='ocrx_word' id='word_1_162' title='bbox 1119 2310 1284 2375; x_wconf 91' lang='lat' dir='ltr'>humiliter</span> 
     </span>
     <span class='ocr_line' id='line_1_20' title="bbox 137 2416 1284 2483; baseline 0 -3"><span class='ocrx_word' id='word_1_163' title='bbox 137 2416 308 2482; x_wconf 83' lang='lat' dir='ltr'>Sanctiteti</span> <span class='ocrx_word' id='word_1_164' title='bbox 327 2418 438 2482; x_wconf 84' lang='lat' dir='ltr'>Vestre</span> <span class='ocrx_word' id='word_1_165' title='bbox 459 2419 680 2483; x_wconf 84' lang='lat' dir='ltr'>devotissimus</span> <span class='ocrx_word' id='word_1_166' title='bbox 703 2417 839 2482; x_wconf 81' lang='lat' dir='ltr'>eadem⁵</span> <span class='ocrx_word' id='word_1_167' title='bbox 862 2418 944 2482; x_wconf 91' lang='lat' dir='ltr'>sedis</span> <span class='ocrx_word' id='word_1_168' title='bbox 968 2421 1001 2480; x_wconf 92' lang='lat' dir='ltr'>et</span> <span class='ocrx_word' id='word_1_169' title='bbox 1022 2421 1133 2480; x_wconf 86' lang='lat' dir='ltr'>sancte</span> <span class='ocrx_word' id='word_1_170' title='bbox 1155 2438 1284 2481; x_wconf 89' lang='lat' dir='ltr'>romane</span> 
     </span>
     <span class='ocr_line' id='line_1_21' title="bbox 136 2521 1283 2607; baseline -0.003 -20"><span class='ocrx_word' id='word_1_171' title='bbox 136 2523 264 2587; x_wconf 88' lang='lat' dir='ltr'>ecclesie</span> <span class='ocrx_word' id='word_1_172' title='bbox 287 2523 383 2602; x_wconf 89' lang='lat' dir='ltr'>filius,</span> <span class='ocrx_word' id='word_1_173' title='bbox 407 2523 578 2607; x_wconf 90' lang='lat' dir='ltr'>Philippus</span> <span class='ocrx_word' id='word_1_174' title='bbox 593 2524 616 2603; x_wconf 77' lang='lat'>⁶,</span> <span class='ocrx_word' id='word_1_175' title='bbox 640 2524 703 2588; x_wconf 85' lang='lat' dir='ltr'>dux</span> <span class='ocrx_word' id='word_1_176' title='bbox 720 2523 862 2602; x_wconf 88' lang='lat' dir='ltr'>Bavarie,</span> <span class='ocrx_word' id='word_1_177' title='bbox 887 2543 989 2587; x_wconf 89' lang='lat' dir='ltr'>eomes</span> <span class='ocrx_word' id='word_1_178' title='bbox 1011 2521 1177 2604; x_wconf 85' lang='lat' dir='ltr'>palatinus</span> <span class='ocrx_word' id='word_1_179' title='bbox 1194 2521 1283 2600; x_wconf 87' lang='lat' dir='ltr'>Reni,</span> 
     </span>
     <span class='ocr_line' id='line_1_22' title="bbox 136 2625 1283 2712; baseline -0.002 -20"><span class='ocrx_word' id='word_1_180' title='bbox 136 2632 168 2692; x_wconf 91' lang='lat' dir='ltr'>et</span> <span class='ocrx_word' id='word_1_181' title='bbox 190 2629 271 2691; x_wconf 87' lang='lat' dir='ltr'>sacri</span> <span class='ocrx_word' id='word_1_182' title='bbox 293 2628 421 2710; x_wconf 90' lang='lat' dir='ltr'>imperii</span> <span class='ocrx_word' id='word_1_183' title='bbox 439 2630 561 2692; x_wconf 87' lang='lat' dir='ltr'>romani</span> <span class='ocrx_word' id='word_1_184' title='bbox 581 2629 730 2712; x_wconf 91' lang='lat' dir='ltr'>princeps</span> <span class='ocrx_word' id='word_1_185' title='bbox 751 2629 877 2707; x_wconf 90' lang='lat' dir='ltr'>elector,</span> <span class='ocrx_word' id='word_1_186' title='bbox 900 2632 937 2691; x_wconf 92' lang='lat' dir='ltr'>ut</span> <span class='ocrx_word' id='word_1_187' title='bbox 953 2627 1054 2691; x_wconf 90' lang='lat' dir='ltr'>eidem</span> <span class='ocrx_word' id='word_1_188' title='bbox 1070 2625 1173 2691; x_wconf 88' lang='lat' dir='ltr'>Paulo</span> <span class='ocrx_word' id='word_1_189' title='bbox 1190 2628 1283 2691; x_wconf 87' lang='lat' dir='ltr'>etiarn</span> 
     </span>
     <span class='ocr_line' id='line_1_23' title="bbox 134 2732 1284 2817; baseline 0.002 -22"><span class='ocrx_word' id='word_1_190' title='bbox 134 2734 183 2796; x_wconf 89' lang='lat' dir='ltr'>sni</span> <span class='ocrx_word' id='word_1_191' title='bbox 205 2732 377 2815; x_wconf 88' lang='lat' dir='ltr'>superioris</span> <span class='ocrx_word' id='word_1_192' title='bbox 399 2734 501 2817; x_wconf 87' lang='lat' dir='ltr'>petita</span> <span class='ocrx_word' id='word_1_193' title='bbox 523 2735 599 2798; x_wconf 88' lang='lat' dir='ltr'>licet</span> <span class='ocrx_word' id='word_1_194' title='bbox 630 2756 694 2798; x_wconf 85' lang='lat' dir='ltr'>non</span> <span class='ocrx_word' id='word_1_195' title='bbox 717 2734 850 2798; x_wconf 88' lang='lat' dir='ltr'>obtenta</span> <span class='ocrx_word' id='word_1_196' title='bbox 880 2732 1010 2797; x_wconf 88' lang='lat' dir='ltr'>licentia</span> <span class='ocrx_word' id='word_1_197' title='bbox 1039 2752 1201 2797; x_wconf 89' lang='lat' dir='ltr'>unacum</span> <span class='ocrx_word' id='word_1_198' title='bbox 1223 2754 1284 2798; x_wconf 93' lang='lat' dir='ltr'>uno</span> 
     </span>
     <span class='ocr_line' id='line_1_24' title="bbox 134 2837 1284 2924; baseline 0 -24"><span class='ocrx_word' id='word_1_199' title='bbox 134 2837 218 2901; x_wconf 90' lang='lat' dir='ltr'>socio</span> <span class='ocrx_word' id='word_1_200' title='bbox 241 2837 379 2900; x_wconf 88' lang='lat' dir='ltr'>eiusdem</span> <span class='ocrx_word' id='word_1_201' title='bbox 394 2838 514 2902; x_wconf 92' lang='lat' dir='ltr'>ordinis</span> <span class='ocrx_word' id='word_1_202' title='bbox 537 2840 575 2902; x_wconf 83' lang='lat' dir='ltr'>ad</span> <span class='ocrx_word' id='word_1_203' title='bbox 599 2839 632 2902; x_wconf 91' lang='lat' dir='ltr'>id</span> <span class='ocrx_word' id='word_1_204' title='bbox 655 2861 712 2922; x_wconf 91' lang='lat' dir='ltr'>per</span> <span class='ocrx_word' id='word_1_205' title='bbox 736 2862 807 2903; x_wconf 94' lang='lat' dir='ltr'>eum</span> <span class='ocrx_word' id='word_1_206' title='bbox 824 2839 970 2924; x_wconf 84' lang='lat' dir='ltr'>eligendo</span> <span class='ocrx_word' id='word_1_207' title='bbox 995 2839 1034 2901; x_wconf 87' lang='lat' dir='ltr'>ad</span> <span class='ocrx_word' id='word_1_208' title='bbox 1050 2842 1161 2921; x_wconf 87' lang='lat' dir='ltr'>partes</span> <span class='ocrx_word' id='word_1_209' title='bbox 1177 2838 1284 2903; x_wconf 87' lang='lat' dir='ltr'>Ytalie</span> 
     </span>
    </p>
   </div>
   <div class='ocr_carea' id='block_1_3' title="bbox 134 2943 1281 3027">
    <p class='ocr_par' dir='ltr' id='par_1_5' title="bbox 134 2943 1281 3027">
     <span class='ocr_line' id='line_1_25' title="bbox 134 2943 1281 3027; baseline 0.001 -20"><span class='ocrx_word' id='word_1_210' title='bbox 134 2943 315 3007; x_wconf 91' lang='lat' dir='ltr'>huiusmodi</span> <span class='ocrx_word' id='word_1_211' title='bbox 337 2963 370 3007; x_wconf 91' lang='lat' dir='ltr'>se</span> <span class='ocrx_word' id='word_1_212' title='bbox 392 2943 567 3008; x_wconf 81' lang='lat' dir='ltr'>transferre</span> <span class='ocrx_word' id='word_1_213' title='bbox 590 2948 622 3008; x_wconf 92' lang='lat' dir='ltr'>et</span> <span class='ocrx_word' id='word_1_214' title='bbox 645 2944 678 3006; x_wconf 91' lang='lat' dir='ltr'>in</span> <span class='ocrx_word' id='word_1_215' title='bbox 703 2945 772 3027; x_wconf 89' lang='lat' dir='ltr'>ipsa</span> <span class='ocrx_word' id='word_1_216' title='bbox 794 2943 893 3008; x_wconf 88' lang='lat' dir='ltr'>Italia</span> <span class='ocrx_word' id='word_1_217' title='bbox 918 2945 951 3007; x_wconf 93' lang='lat' dir='ltr'>in</span> <span class='ocrx_word' id='word_1_218' title='bbox 973 2943 1052 3026; x_wconf 94' lang='lat' dir='ltr'>loco,</span> <span class='ocrx_word' id='word_1_219' title='bbox 1075 2943 1133 3007; x_wconf 92' lang='lat' dir='ltr'>ubi</span> <span class='ocrx_word' id='word_1_220' title='bbox 1155 2943 1281 3026; x_wconf 87' lang='lat' dir='ltr'>prefato</span> 
     </span>
    </p>
   </div>
   <div class='ocr_carea' id='block_1_4' title="bbox 76 3098 1284 4485">
    <p class='ocr_par' dir='ltr' id='par_1_6' title="bbox 76 3098 1284 4485">
     <span class='ocr_line' id='line_1_26' title="bbox 205 3098 1282 3168; baseline -0.002 -14"><span class='ocrx_word' id='word_1_221' title='bbox 205 3099 321 3156; x_wconf 84' lang='lat' dir='ltr'>lJeder</span> <span class='ocrx_word' id='word_1_222' title='bbox 339 3098 431 3168; x_wconf 83' lang='lat' dir='ltr'>pilger</span> <span class='ocrx_word' id='word_1_223' title='bbox 449 3099 578 3154; x_wconf 90' lang='lat' dir='ltr'>bedurfte</span> <span class='ocrx_word' id='word_1_224' title='bbox 597 3100 706 3155; x_wconf 83' lang='lat' dir='ltr'>damals</span> <span class='ocrx_word' id='word_1_225' title='bbox 734 3118 767 3153; x_wconf 86' lang='lat' dir='ltr'>zu</span> <span class='ocrx_word' id='word_1_226' title='bbox 787 3099 864 3154; x_wconf 92' lang='lat' dir='ltr'>einer</span> <span class='ocrx_word' id='word_1_227' title='bbox 882 3099 1030 3155; x_wconf 86' lang='lat' dir='ltr'>wallfahrt</span> <span class='ocrx_word' id='word_1_228' title='bbox 1057 3101 1131 3155; x_wconf 83' lang='lat' dir='ltr'>nach</span> <span class='ocrx_word' id='word_1_229' title='bbox 1159 3099 1227 3156; x_wconf 91' lang='lat' dir='ltr'>dem</span> <span class='ocrx_word' id='word_1_230' title='bbox 1245 3100 1282 3153; x_wconf 92' lang='lat' dir='ltr'>hl.</span> 
     </span>
     <span class='ocr_line' id='line_1_27' title="bbox 133 3186 1283 3257; baseline -0.003 -14"><span class='ocrx_word' id='word_1_231' title='bbox 133 3189 218 3244; x_wconf 86' lang='lat' dir='ltr'>lande</span> <span class='ocrx_word' id='word_1_232' title='bbox 244 3187 293 3242; x_wconf 89' lang='lat' dir='ltr'>der</span> <span class='ocrx_word' id='word_1_233' title='bbox 310 3186 487 3256; x_wconf 71' lang='lat' dir='ltr'>ptpstlichen</span> <span class='ocrx_word' id='word_1_234' title='bbox 505 3187 657 3253; x_wconf 82' lang='lat' dir='ltr'>erlaubnis,</span> <span class='ocrx_word' id='word_1_235' title='bbox 686 3188 749 3242; x_wconf 89' lang='lat' dir='ltr'>weil</span> <span class='ocrx_word' id='word_1_236' title='bbox 777 3206 832 3243; x_wconf 90' lang='lat' dir='ltr'>von</span> <span class='ocrx_word' id='word_1_237' title='bbox 860 3187 909 3242; x_wconf 92' lang='lat' dir='ltr'>der</span> <span class='ocrx_word' id='word_1_238' title='bbox 933 3187 1013 3241; x_wconf 85' lang='lat' dir='ltr'>kurie</span> <span class='ocrx_word' id='word_1_239' title='bbox 1028 3187 1094 3257; x_wconf 87' lang='lat' dir='ltr'>jede</span> <span class='ocrx_word' id='word_1_240' title='bbox 1120 3187 1194 3243; x_wconf 88' lang='lat' dir='ltr'>reise</span> <span class='ocrx_word' id='word_1_241' title='bbox 1219 3188 1283 3242; x_wconf 80' lang='lat' dir='ltr'>iiber</span> 
     </span>
     <span class='ocr_line' id='line_1_28' title="bbox 134 3274 1282 3345; baseline 0 -16"><span class='ocrx_word' id='word_1_242' title='bbox 134 3275 246 3345; x_wconf 83' lang='lat' dir='ltr'>Gypern</span> <span class='ocrx_word' id='word_1_243' title='bbox 267 3274 368 3328; x_wconf 86' lang='lat' dir='ltr'>hinaus</span> <span class='ocrx_word' id='word_1_244' title='bbox 393 3276 475 3329; x_wconf 87' lang='lat' dir='ltr'>unter</span> <span class='ocrx_word' id='word_1_245' title='bbox 494 3275 581 3330; x_wconf 89' lang='lat' dir='ltr'>strafe</span> <span class='ocrx_word' id='word_1_246' title='bbox 605 3275 654 3330; x_wconf 91' lang='lat' dir='ltr'>der</span> <span class='ocrx_word' id='word_1_247' title='bbox 672 3275 912 3332; x_wconf 78' lang='lat' dir='ltr'>excomunication</span> <span class='ocrx_word' id='word_1_248' title='bbox 931 3276 1065 3331; x_wconf 87' lang='lat' dir='ltr'>verboten</span> <span class='ocrx_word' id='word_1_249' title='bbox 1084 3277 1199 3333; x_wconf 84' lang='lat' dir='ltr'>worden</span> <span class='ocrx_word' id='word_1_250' title='bbox 1218 3293 1282 3331; x_wconf 85' lang='lat' dir='ltr'>war.</span> 
     </span>
     <span class='ocr_line' id='line_1_29' title="bbox 133 3362 1282 3434; baseline -0.003 -15"><span class='ocrx_word' id='word_1_251' title='bbox 133 3365 210 3419; x_wconf 89' lang='lat' dir='ltr'>Doch</span> <span class='ocrx_word' id='word_1_252' title='bbox 230 3362 325 3416; x_wconf 86' lang='lat' dir='ltr'>wurde</span> <span class='ocrx_word' id='word_1_253' title='bbox 344 3380 372 3417; x_wconf 89' lang='lat' dir='ltr'>es</span> <span class='ocrx_word' id='word_1_254' title='bbox 384 3362 485 3417; x_wconf 90' lang='lat' dir='ltr'>hiemit</span> <span class='ocrx_word' id='word_1_255' title='bbox 503 3362 582 3417; x_wconf 89' lang='lat' dir='ltr'>nieht</span> <span class='ocrx_word' id='word_1_256' title='bbox 594 3363 743 3419; x_wconf 89' lang='lat' dir='ltr'>besonders</span> <span class='ocrx_word' id='word_1_257' title='bbox 756 3381 848 3433; x_wconf 82' lang='lat' dir='ltr'>genau</span> <span class='ocrx_word' id='word_1_258' title='bbox 861 3380 1037 3434; x_wconf 82' lang='lat' dir='ltr'>genommen,</span> <span class='ocrx_word' id='word_1_259' title='bbox 1055 3364 1114 3418; x_wconf 90' lang='lat' dir='ltr'>und</span> <span class='ocrx_word' id='word_1_260' title='bbox 1132 3365 1217 3420; x_wconf 88' lang='lat' dir='ltr'>hatte</span> <span class='ocrx_word' id='word_1_261' title='bbox 1236 3363 1282 3419; x_wconf 89' lang='lat' dir='ltr'>der</span> 
     </span>
     <span class='ocr_line' id='line_1_30' title="bbox 133 3449 1282 3522; baseline 0.005 -19"><span class='ocrx_word' id='word_1_262' title='bbox 133 3450 273 3521; x_wconf 81' lang='lat' dir='ltr'>guardian</span> <span class='ocrx_word' id='word_1_263' title='bbox 294 3468 354 3505; x_wconf 86' lang='lat' dir='ltr'>vom</span> <span class='ocrx_word' id='word_1_264' title='bbox 375 3449 460 3518; x_wconf 85' lang='lat' dir='ltr'>berge</span> <span class='ocrx_word' id='word_1_265' title='bbox 481 3451 546 3506; x_wconf 90' lang='lat' dir='ltr'>Sion</span> <span class='ocrx_word' id='word_1_266' title='bbox 564 3452 609 3507; x_wconf 91' lang='lat' dir='ltr'>die</span> <span class='ocrx_word' id='word_1_267' title='bbox 628 3452 789 3515; x_wconf 84' lang='lat' dir='ltr'>vollmseht‚</span> <span class='ocrx_word' id='word_1_268' title='bbox 814 3452 915 3522; x_wconf 85' lang='lat' dir='ltr'>pssger,</span> <span class='ocrx_word' id='word_1_269' title='bbox 934 3452 1039 3507; x_wconf 87' lang='lat' dir='ltr'>welche</span> <span class='ocrx_word' id='word_1_270' title='bbox 1056 3453 1131 3508; x_wconf 89' lang='lat' dir='ltr'>ohne</span> <span class='ocrx_word' id='word_1_271' title='bbox 1148 3453 1227 3508; x_wconf 90' lang='lat' dir='ltr'>diese</span> <span class='ocrx_word' id='word_1_272' title='bbox 1243 3470 1282 3508; x_wconf 90' lang='lat' dir='ltr'>er·</span> 
     </span>
     <span class='ocr_line' id='line_1_31' title="bbox 133 3537 1281 3610; baseline 0 -17"><span class='ocrx_word' id='word_1_273' title='bbox 133 3539 246 3593; x_wconf 85' lang='lat' dir='ltr'>laubnis</span> <span class='ocrx_word' id='word_1_274' title='bbox 258 3537 406 3602; x_wconf 83' lang='lat' dir='ltr'>ankumen,</span> <span class='ocrx_word' id='word_1_275' title='bbox 426 3558 459 3592; x_wconf 81' lang='lat' dir='ltr'>zu</span> <span class='ocrx_word' id='word_1_276' title='bbox 473 3539 656 3597; x_wconf 84' lang='lat' dir='ltr'>absolvieren.</span> <span class='ocrx_word' id='word_1_277' title='bbox 692 3540 835 3604; x_wconf 80' lang='lat' dir='ltr'>Rdhricht,</span> <span class='ocrx_word' id='word_1_278' title='bbox 854 3539 994 3595; x_wconf 90' lang='lat' dir='ltr'>Deutsehe</span> <span class='ocrx_word' id='word_1_279' title='bbox 1006 3540 1193 3610; x_wconf 86' lang='lat' dir='ltr'>pilgerreisen</span> <span class='ocrx_word' id='word_1_280' title='bbox 1212 3541 1281 3596; x_wconf 82' lang='lat' dir='ltr'>nach</span> 
     </span>
     <span class='ocr_line' id='line_1_32' title="bbox 133 3625 1281 3702; baseline 0.007 -23"><span class='ocrx_word' id='word_1_281' title='bbox 133 3626 196 3680; x_wconf 90' lang='lat' dir='ltr'>dem</span> <span class='ocrx_word' id='word_1_282' title='bbox 209 3625 247 3681; x_wconf 92' lang='lat' dir='ltr'>hl.</span> <span class='ocrx_word' id='word_1_283' title='bbox 263 3625 354 3679; x_wconf 87' lang='lat' dir='ltr'>lande.</span> <span class='ocrx_word' id='word_1_284' title='bbox 386 3626 480 3681; x_wconf 76' lang='lat' dir='ltr'>Gotho</span> <span class='ocrx_word' id='word_1_285' title='bbox 494 3628 568 3681; x_wconf 88' lang='grc'><strong>1889.</strong></span> <span class='ocrx_word' id='word_1_286' title='bbox 596 3629 620 3694; x_wconf 88' lang='grc'>8,</span> <span class='ocrx_word' id='word_1_287' title='bbox 640 3631 675 3684; x_wconf 85' lang='grc'><strong>89</strong></span> <span class='ocrx_word' id='word_1_288' title='bbox 694 3629 714 3682; x_wconf 87' lang='lat' dir='ltr'>f.</span> <span class='ocrx_word' id='word_1_289' title='bbox 745 3628 825 3682; x_wconf 86' lang='lat' dir='ltr'>Naeh</span> <span class='ocrx_word' id='word_1_290' title='bbox 838 3628 966 3699; x_wconf 88' lang='lat' dir='ltr'>Ludolph</span> <span class='ocrx_word' id='word_1_291' title='bbox 984 3629 1192 3686; x_wconf 82' lang='lat' dir='ltr'>ronSudheim</span> <span class='ocrx_word' id='word_1_292' title='bbox 1205 3632 1281 3702; x_wconf 81' lang='lat'><strong>(1336</strong></span> 
     </span>
     <span class='ocr_line' id='line_1_33' title="bbox 132 3713 1283 3787; baseline 0.004 -21"><span class='ocrx_word' id='word_1_293' title='bbox 132 3713 177 3766; x_wconf 91' lang='lat' dir='ltr'>bis</span> <span class='ocrx_word' id='word_1_294' title='bbox 197 3713 275 3781; x_wconf 82' lang='lat'>1341)</span> <span class='ocrx_word' id='word_1_295' title='bbox 295 3718 368 3767; x_wconf 74' lang='lat' dir='ltr'>utre</span> <span class='ocrx_word' id='word_1_296' title='bbox 386 3713 468 3769; x_wconf 88' lang='lat' dir='ltr'>keine</span> <span class='ocrx_word' id='word_1_297' title='bbox 486 3715 583 3786; x_wconf 80' lang='lat' dir='ltr'>eigene</span> <span class='ocrx_word' id='word_1_298' title='bbox 602 3716 744 3771; x_wconf 89' lang='lat' dir='ltr'>erlaubnis</span> <span class='ocrx_word' id='word_1_299' title='bbox 762 3717 845 3786; x_wconf 77' lang='lat' dir='ltr'>notig</span> <span class='ocrx_word' id='word_1_300' title='bbox 863 3734 997 3787; x_wconf 77' lang='lat' dir='ltr'>genesen,</span> <span class='ocrx_word' id='word_1_301' title='bbox 1027 3716 1067 3770; x_wconf 76' lang='lat' dir='ltr'>»si</span> <span class='ocrx_word' id='word_1_302' title='bbox 1084 3718 1230 3773; x_wconf 89' lang='lat' dir='ltr'>transiens</span> <span class='ocrx_word' id='word_1_303' title='bbox 1248 3718 1283 3772; x_wconf 92' lang='lat' dir='ltr'>sit</span> 
     </span>
     <span class='ocr_line' id='line_1_34' title="bbox 132 3800 1284 3871; baseline 0.005 -18"><span class='ocrx_word' id='word_1_304' title='bbox 132 3800 288 3869; x_wconf 85' lang='lat' dir='ltr'>religiosus,</span> <span class='ocrx_word' id='word_1_305' title='bbox 308 3800 353 3854; x_wconf 92' lang='lat' dir='ltr'>vel</span> <span class='ocrx_word' id='word_1_306' title='bbox 372 3800 395 3854; x_wconf 88' lang='lat' dir='ltr'>si</span> <span class='ocrx_word' id='word_1_307' title='bbox 413 3805 503 3871; x_wconf 85' lang='lat' dir='ltr'>pater,</span> <span class='ocrx_word' id='word_1_308' title='bbox 523 3807 615 3860; x_wconf 88' lang='lat' dir='ltr'>mater</span> <span class='ocrx_word' id='word_1_309' title='bbox 634 3808 683 3859; x_wconf 87' lang='lat' dir='ltr'>ant</span> <span class='ocrx_word' id='word_1_310' title='bbox 707 3805 812 3860; x_wconf 86' lang='lat' dir='ltr'>amicus</span> <span class='ocrx_word' id='word_1_311' title='bbox 831 3805 947 3860; x_wconf 88' lang='lat' dir='ltr'>alieuius</span> <span class='ocrx_word' id='word_1_312' title='bbox 965 3805 1071 3860; x_wconf 89' lang='lat' dir='ltr'>ibidem</span> <span class='ocrx_word' id='word_1_313' title='bbox 1091 3804 1284 3862; x_wconf 86' lang='lat' dir='ltr'>infirmaretur</span> 
     </span>
     <span class='ocr_line' id='line_1_35' title="bbox 134 3888 1283 3963; baseline 0.003 -22"><span class='ocrx_word' id='word_1_314' title='bbox 134 3888 177 3942; x_wconf 86' lang='lat' dir='ltr'>vel</span> <span class='ocrx_word' id='word_1_315' title='bbox 196 3890 296 3957; x_wconf 87' lang='lat' dir='ltr'>captus</span> <span class='ocrx_word' id='word_1_316' title='bbox 309 3889 509 3944; x_wconf 85' lang='lat' dir='ltr'>detineretur«.</span> <span class='ocrx_word' id='word_1_317' title='bbox 546 3892 648 3960; x_wconf 83' lang='lat' dir='ltr'>Deyks,</span> <span class='ocrx_word' id='word_1_318' title='bbox 668 3892 816 3962; x_wconf 75' lang='lat' dir='ltr'>ludolphi,</span> <span class='ocrx_word' id='word_1_319' title='bbox 837 3893 953 3948; x_wconf 90' lang='lat' dir='ltr'>rectoris</span> <span class='ocrx_word' id='word_1_320' title='bbox 966 3892 1098 3949; x_wconf 85' lang='lat' dir='ltr'>ecelesiae</span> <span class='ocrx_word' id='word_1_321' title='bbox 1110 3892 1283 3963; x_wconf 84' lang='lat' dir='ltr'>parochialis</span> 
     </span>
     <span class='ocr_line' id='line_1_36' title="bbox 132 3975 1283 4051; baseline 0.01 -24"><span class='ocrx_word' id='word_1_322' title='bbox 132 3975 162 4028; x_wconf 91' lang='lat' dir='ltr'>in</span> <span class='ocrx_word' id='word_1_323' title='bbox 180 3976 305 4030; x_wconf 81' lang='lat' dir='ltr'>Suchem.</span> <span class='ocrx_word' id='word_1_324' title='bbox 336 3975 376 4031; x_wconf 91' lang='lat' dir='ltr'>De</span> <span class='ocrx_word' id='word_1_325' title='bbox 388 3977 489 4033; x_wconf 91' lang='lat' dir='ltr'>itinere</span> <span class='ocrx_word' id='word_1_326' title='bbox 501 3983 594 4034; x_wconf 89' lang='lat' dir='ltr'>terrae</span> <span class='ocrx_word' id='word_1_327' title='bbox 606 3984 728 4037; x_wconf 85' lang='lat' dir='ltr'>sanetae.</span> <span class='ocrx_word' id='word_1_328' title='bbox 758 3981 912 4051; x_wconf 84' lang='lat' dir='ltr'>Stnttgart.</span> <span class='ocrx_word' id='word_1_329' title='bbox 942 3980 1073 4037; x_wconf 84' lang='lat' dir='ltr'>Litterar.</span> <span class='ocrx_word' id='word_1_330' title='bbox 1087 3985 1188 4039; x_wconf 79' lang='lat' dir='ltr'>verein</span> <span class='ocrx_word' id='word_1_331' title='bbox 1209 3985 1283 4040; x_wconf 88' lang='grc'><strong>1881.</strong></span> 
     </span>
     <span class='ocr_line' id='line_1_37' title="bbox 132 4061 1284 4137; baseline 0.012 -22"><span class='ocrx_word' id='word_1_332' title='bbox 132 4061 217 4127; x_wconf 88' lang='lat' dir='ltr'>XXV,</span> <span class='ocrx_word' id='word_1_333' title='bbox 242 4066 267 4119; x_wconf 86' lang='lat'>3.</span> <span class='ocrx_word' id='word_1_334' title='bbox 308 4064 379 4119; x_wconf 88' lang='lat' dir='ltr'>Dass</span> <span class='ocrx_word' id='word_1_335' title='bbox 406 4066 451 4121; x_wconf 91' lang='lat' dir='ltr'>die</span> <span class='ocrx_word' id='word_1_336' title='bbox 477 4067 627 4137; x_wconf 78' lang='lat' dir='ltr'>religionen</span> <span class='ocrx_word' id='word_1_337' title='bbox 653 4070 724 4124; x_wconf 83' lang='lat' dir='ltr'>anch</span> <span class='ocrx_word' id='word_1_338' title='bbox 750 4070 796 4124; x_wconf 90' lang='lat' dir='ltr'>die</span> <span class='ocrx_word' id='word_1_339' title='bbox 820 4070 964 4123; x_wconf 87' lang='lat' dir='ltr'>erlaubnis</span> <span class='ocrx_word' id='word_1_340' title='bbox 991 4068 1066 4123; x_wconf 90' lang='lat' dir='ltr'>ihrer</span> <span class='ocrx_word' id='word_1_341' title='bbox 1091 4070 1284 4128; x_wconf 84' lang='lat' dir='ltr'>ordensobsrn</span> 
     </span>
     <span class='ocr_line' id='line_1_38' title="bbox 132 4150 1284 4228; baseline 0.011 -27"><span class='ocrx_word' id='word_1_342' title='bbox 132 4150 300 4215; x_wconf 87' lang='lat' dir='ltr'>brauohten,</span> <span class='ocrx_word' id='word_1_343' title='bbox 329 4154 423 4222; x_wconf 87' lang='lat' dir='ltr'>ergibt</span> <span class='ocrx_word' id='word_1_344' title='bbox 447 4153 505 4208; x_wconf 89' lang='lat' dir='ltr'>sich</span> <span class='ocrx_word' id='word_1_345' title='bbox 532 4174 587 4211; x_wconf 88' lang='lat' dir='ltr'>von</span> <span class='ocrx_word' id='word_1_346' title='bbox 612 4158 698 4212; x_wconf 85' lang='lat' dir='ltr'>selbst</span> <span class='ocrx_word' id='word_1_347' title='bbox 724 4176 774 4212; x_wconf 85' lang='lat' dir='ltr'>aus</span> <span class='ocrx_word' id='word_1_348' title='bbox 801 4158 865 4212; x_wconf 92' lang='lat' dir='ltr'>dem</span> <span class='ocrx_word' id='word_1_349' title='bbox 893 4158 1013 4227; x_wconf 79' lang='lat' dir='ltr'>gelfibde</span> <span class='ocrx_word' id='word_1_350' title='bbox 1036 4159 1084 4212; x_wconf 91' lang='lat' dir='ltr'>des</span> <span class='ocrx_word' id='word_1_351' title='bbox 1110 4159 1284 4228; x_wconf 82' lang='lat' dir='ltr'>gehorsams.</span> 
     </span>
     <span class='ocr_line' id='line_1_39' title="bbox 132 4236 1284 4314; baseline 0.015 -25"><span class='ocrx_word' id='word_1_352' title='bbox 132 4236 149 4289; x_wconf 83' lang='lat'>2</span> <span class='ocrx_word' id='word_1_353' title='bbox 176 4237 331 4292; x_wconf 85' lang='lat' dir='ltr'>Jedenfalls</span> <span class='ocrx_word' id='word_1_354' title='bbox 349 4241 427 4295; x_wconf 91' lang='lat' dir='ltr'>mihi.</span> <span class='ocrx_word' id='word_1_355' title='bbox 532 4243 809 4314; x_wconf 86' lang='lat' dir='ltr'>3Nuneupatorum.</span> <span class='ocrx_word' id='word_1_356' title='bbox 906 4244 1019 4300; x_wconf 89' lang='lat' dir='ltr'>4dicti.</span> <span class='ocrx_word' id='word_1_357' title='bbox 1112 4248 1284 4306; x_wconf 74' lang='lat' dir='ltr'>teinsdem.</span> 
     </span>
     <span class='ocr_line' id='line_1_40' title="bbox 132 4323 1284 4408; baseline 0.012 -30"><span class='ocrx_word' id='word_1_358' title='bbox 132 4326 149 4378; x_wconf 88' lang='lat'><strong>6</strong></span> <span class='ocrx_word' id='word_1_359' title='bbox 175 4323 288 4394; x_wconf 92' lang='lat' dir='ltr'>Philipp</span> <span class='ocrx_word' id='word_1_360' title='bbox 302 4327 356 4380; x_wconf 90' lang='lat' dir='ltr'>mit</span> <span class='ocrx_word' id='word_1_361' title='bbox 368 4328 421 4384; x_wconf 89' lang='lat' dir='ltr'>den</span> <span class='ocrx_word' id='word_1_362' title='bbox 434 4329 583 4385; x_wconf 87' lang='lat' dir='ltr'>beinamen</span> <span class='ocrx_word' id='word_1_363' title='bbox 605 4331 764 4401; x_wconf 72' lang='lat' dir='ltr'>»ingenuus</span> <span class='ocrx_word' id='word_1_364' title='bbox 785 4333 915 4397; x_wconf 78' lang='lat' dir='ltr'>nobilis«,</span> <span class='ocrx_word' id='word_1_365' title='bbox 933 4333 1004 4389; x_wconf 92' lang='lat' dir='ltr'>sohn</span> <span class='ocrx_word' id='word_1_366' title='bbox 1018 4332 1137 4404; x_wconf 81' lang='lat' dir='ltr'>Ludwig</span> <span class='ocrx_word' id='word_1_367' title='bbox 1151 4335 1202 4402; x_wconf 89' lang='lat' dir='ltr'>IV,</span> <span class='ocrx_word' id='word_1_368' title='bbox 1223 4339 1284 4408; x_wconf 86' lang='lat' dir='ltr'>geb.</span> 
     </span>
     <span class='ocr_line' id='line_1_41' title="bbox 76 4412 1207 4485; baseline 0.013 -19"><span class='ocrx_word' id='word_1_369' title='bbox 76 4468 79 4473; x_wconf 62' lang='grc'>,</span> <span class='ocrx_word' id='word_1_370' title='bbox 133 4413 167 4467; x_wconf 96' lang='grc'>14</span> <span class='ocrx_word' id='word_1_371' title='bbox 185 4412 243 4466; x_wconf 84' lang='lat' dir='ltr'>Juli</span> <span class='ocrx_word' id='word_1_372' title='bbox 262 4415 337 4478; x_wconf 85' lang='grc'><strong>1448,</strong></span> <span class='ocrx_word' id='word_1_373' title='bbox 356 4417 476 4485; x_wconf 84' lang='lat' dir='ltr'>regierte</span> <span class='ocrx_word' id='word_1_374' title='bbox 496 4419 563 4472; x_wconf 84' lang='grc'><strong>1476</strong></span> <span class='ocrx_word' id='word_1_375' title='bbox 582 4419 625 4473; x_wconf 92' lang='lat' dir='ltr'>bis</span> <span class='ocrx_word' id='word_1_376' title='bbox 645 4421 713 4475; x_wconf 84' lang='lat'>1508</span> <span class='ocrx_word' id='word_1_377' title='bbox 731 4420 787 4474; x_wconf 91' lang='lat' dir='ltr'>und</span> <span class='ocrx_word' id='word_1_378' title='bbox 808 4422 888 4476; x_wconf 84' lang='lat' dir='ltr'>starb</span> <span class='ocrx_word' id='word_1_379' title='bbox 906 4439 952 4475; x_wconf 85' lang='lat' dir='ltr'>am</span> <span class='ocrx_word' id='word_1_380' title='bbox 970 4421 1005 4475; x_wconf 83' lang='lat'>28</span> <span class='ocrx_word' id='word_1_381' title='bbox 1024 4421 1102 4476; x_wconf 81' lang='lat' dir='ltr'>Febr.</span> <span class='ocrx_word' id='word_1_382' title='bbox 1125 4423 1207 4480; x_wconf 85' lang='grc'><strong>1508.</strong></span> 
     </span>
    </p>
   </div>
   <div class='ocr_carea' id='block_1_5' title="bbox 0 0 1426 5070">
    <p class='ocr_par' dir='ltr' id='par_1_7' title="bbox 0 0 1426 5070">
     <span class='ocr_line' id='line_1_42' title="bbox 0 0 1426 5070; baseline 0 1"><span class='ocrx_word' id='word_1_383' title='bbox 0 0 1426 5070; x_wconf 95' lang='lat' dir='ltr'> </span> 
     </span>
    </p>
   </div>
  </div>
 </body>
</html>
